4550 5717
206 345 209 354 '
317 450 347 468 ι,
384 324 676 431 oroscurnrns
707 356 912 435 11111111
947 358 1167 434 narrnn
1198 360 1378 436 numen
1412 320 1725 466 ι,1111111111
1775 342 1854 455 a„

130 612 138 619 .
218 543 339 619 Plantir
361 552 544 619 maximam
570 531 602 618 se
625 541 746 620 dedisse
765 573 921 649 operam,
940 542 1009 644 ipse
1027 542 1148 625 fatetur
1171 552 1203 621 in
1225 544 1430 649 praefatione
1452 547 1494 623 ad
1513 552 1670 623 rumesiae
1693 545 1842 623 medicae

114 646 170 721 lib.
187 648 228 734 l.,
253 648 309 722 etsr
330 649 400 722 aliis
420 650 622 721 naturalibus
641 654 832 752 corporibus
852 678 892 723 ex
912 652 1047 724 animali
1067 672 1099 721 et
1121 652 1270 725 minerali
1292 678 1398 751 regnu
1420 678 1557 750 operam
1573 648 1662 726 baud
1678 649 1850 747 leuiorem¹

113 749 285 847 impendit.
338 750 463 825 Plantas
489 748 670 853 descripsit:
704 776 737 827 at
755 781 860 854 quum
883 747 1055 848 sylle'mate
1075 756 1232 828 butanico
1253 755 1321 830 vllu
1343 763 1411 829 eius
1435 778 1521 829 aetas
1541 778 1683 847 careret,
1710 750 1842 855 ipseque

114 856 228 925 multis
256 852 517 943 fintilitudinibus
541 859 908 958 comparationibusque
936 857 1140 955 lingularum
1168 860 1354 959 plantarum
1378 884 1455 931 curn
1478 859 1549 932 aliis
1575 880 1736 945 uteretur,
1758 858 1840 956 ¹plu·

113 962 213 1031 rimas
236 962 280 1031 ita
302 953 481 1059 descripsit,
512 979 547 1031 rt
567 954 699 1059 agnosci
719 983 890 1061 nequeant.
948 964 1050 1059 Signa
1068 968 1159 1034 enim
1179 988 1219 1035 ex
1239 961 1374 1050 colore,
1407 961 1653 1057 magnitudine,
1686 956 1836 1049 surculis,
1869 1030 1876 1045 ,
1899 1032 1905 1043 ,

113 1088 220 1159 esque
239 1069 486 1161 comparatione
504 1088 583 1136 cum
605 1063 676 1136 aliis
690 1057 800 1136 ‘sumta
821 1073 854 1138 in
878 1058 954 1138 solis
975 1066 1159 1165 vulgaribus
1183 1064 1318 1162 plantis,
1345 1086 1377 1137 et
1392 1070 1426 1137 in
1443 1068 1493 1138 his
1507 1092 1578 1141 non
1592 1062 1739 1165 semper,
1765 1090 1837 1163 per·

114 1161 229 1264 spicue
248 1159 338 1261 suut,
368 1168 456 1240 redis
476 1186 636 1241 monente
657 1169 814 1250 Hullrru,
845 1168 1000 1241 butanica
1024 1165 1162 1269 insigni,
1176 1202 1177 1211 ν
1191 1174 1225 1241 in
1242 1168 1397 1245 biblioth.
1420 1171 1528 1245 butan.
1550 1188 1632 1243 tom.
1647 1174 1673 1243 l.
1697 1174 1855 1268 cap46.l

113 1292 191 1366 pag.
205 1290 259 1361 79.
289 1273 421 1367 Qare
443 1264 626 1345 immensae
657 1267 795 1345 demum
814 1268 886 1344 lites
915 1269 956 1345 de
984 1274 1104 1372 plantis
1127 1268 1332 1347 Dioscuridis
1356 1270 1561 1360 exstiterunt,
1595 1295 1693 1373 quas,
1732 1296 1835 1370 quum
1942 1348 1946 1357 ,

91 1375 277 1470 ,componi
302 1400 373 1446 non
395 1370 542 1472 pulsent,
580 1380 759 1449 necletiam
780 1402 820 1449 ex
841 1375 1059 1476 antiquitlimo
1081 1374 1198 1449 codice
1218 1373 1487 1471 Vindobonenst,
1529 1370 1614 1449 infra
1640 1372 1836 1470 enarrando,
1888 1440 1921 1471 .=

112 1502 179 1547 nec
199 1475 306 1551 lludiu
328 1483 476 1561 virorum
498 1475 865 1577 praeliantisfimorum,
904 1482 962 1578 qui
985 1484 1032 1552 rei
1054 1478 1361 1555 medicamentariam
1373 1476 1577 1570 Dioscuridis
1594 1502 1733 1581 operum
1749 1472 1835 1551 suur-
1920 1478 1927 1485 ’

113 1603 209 1653 marn
224 1578 401 1667 dederunt,
426 1576 607 1683 desperatio
621 1580 752 1655 tandem
773 1580 968 1682 composuit.

217 1720 406 1815 Vtcumque
421 1743 500 1790 uero
515 1720 597 1789 baec
611 1714 641 1789 se
655 1718 817 1798 babeant,
839 1710 1008 1791 neminem
1029 1698 1141 1791 tamen
1161 1720 1395 1792 botanicorum
1414 1714 1541 1791 samam
1559 1710 1592 1790 st
1605 1716 1833 1791 audioritatem

113 1812 319 1891 Dioscuridis
336 1815 486 1917 attigisse,
508 1819 661 1893 Hallerus
683 1818 708 1894 l.
723 1849 751 1893 c.
777 1848 852 1922 pag.
870 1836 927 1905 80.
946 1826 1032 1895 rede
1052 1820 1161 1894 refert.
1215 1828 1302 1895 Eum
1326 1824 1466 1894 Galenus
1488 1819 1616 1907 laudat,
1649 1814 1835 1922 persedilli·

114 1946 215 1995 mum
230 1939 262 1995 et
281 1921 503 2021 plenissimum
527 1922 567 1996 de
589 1922 836 1997 medicamentis
853 1921 1066 2024 scriptorem,
1093 1933 1126 1997 in
1143 1926 1215 2000 libr.
1232 1930 1256 1999 l.
1279 1926 1319 1999 de
1333 1926 1486 1999 antidotis
1501 1950 1572 2022 cap.
1589 1948 1633 2000 12.
1655 1945 1735 1997 tum.
1748 1923 1835 1993 Xlll.

113 2052 150 2125 p.
167 2040 240 2109 883.
255 2023 331 2101 edit.
346 2030 458 2100 Cbart.
475 2033 507 2097 in
526 2022 658 2125 praesat.
677 2024 718 2098 ad
730 2026 786 2100 lib.
799 2031 855 2099 Vl.
872 2026 914 2100 de
928 2028 1127 2125 snuplieium
1143 2028 1411 2103 medicamentor.
1426 2023 1631 2101 facultatibus
1650 2048 1732 2101 torn.
1749 2026 1837 2096 Xlll.

114 2154 195 2227 pag.
210 2151 281 2217 144.
304 2134 339 2201 in
356 2128 410 2202 lib.
423 2133 478 2199 lV.
504 2126 546 2201 de
565 2128 805 2231 compositione
822 2130 1094 2206 medicarneutur.
1118 2158 1177 2230 per
1197 2158 1317 2231 genera
1339 2160 1409 2233 cap.
1422 2159 1448 2215 1.
1468 2152 1551 2205 totu.
1567 2132 1656 2207 Xlll.
1676 2154 1754 2232 pag.
1770 2152 1835 2221 735.
1874 2118 1880 2131 ⁸

115 2230 176 2304 etsi
193 2260 270 2304 curn
287 2238 385 2305 etiam
399 2258 469 2303 nun
485 2259 560 2308 raro
574 2233 790 2333 reptebsndit,
808 2261 866 2306 ceu
883 2242 1083 2333 empiricum
1096 2238 1208 2319 nimis,
1235 2244 1354 2336 quique
1370 2241 1501 2308 virtuter
1516 2233 1835 2307 rttedicamentururn

116 2332 191 2409 nou
209 2331 282 2409 satia
303 2334 436 2408 definite
459 2358 603 2419 enarret,
630 2336 695 2410 rid.
716 2335 759 2409 de
773 2334 910 2435 simplic.
932 2340 1206 2413 medicamentur.
1222 2338 1274 2412 lib.
1292 2343 1359 2415 Vll.
1381 2335 1403 2418 s.
1420 2366 1449 2413 ν.
1465 2342 1633 2439 Κορίαννον
1649 2358 1729 2409 turn.
1745 2338 1833 2408 Xlll.
1848 2372 1851 2379 ⁴

115 2465 194 2539 pag.
210 2462 281 2532 194.
296 2461 328 2511 et
342 2438 398 2513 lib.
410 2441 499 2519 Vttl,
513 2436 534 2511 s.
550 2470 578 2513 v.
594 2433 785 2534 Πολύγονον
797 2468 873 2541 pag.
892 2468 957 2516 aar.
981 2443 1023 2516 de
1039 2442 1214 2541 compulit.
1228 2442 1498 2517 medicamentor.
1513 2468 1572 2539 per
1585 2465 1706 2540 genera
1723 2438 1776 2512 lib.
1794 2440 1834 2510 ll.
1898 2510 1905 2530 ,

116 2567 230 2641 capr.
250 2563 334 2616 rum.
350 2546 436 2615 xttt.
458 2568 533 2642 pag.
549 2548 622 2633 673·
648 2548 771 2645 quique
798 2544 881 2619 adeo
911 2552 977 2619 virn
1001 2572 1124 2619 sucum
1153 2550 1363 2646 ignorauerit.
1391 2544 1454 2619 vid.
1475 2542 1517 2617 de
1538 2542 1675 2644 lirnplic.
1695 2538 1837 2615 medica·

117 2667 263 2741 11111101.
276 2641 420 2718 sacultat.
436 2646 492 2718 lib·
507 2650 565 2723 Xl.
583 2646 651 2723 sv.
667 2645 801 2747 Πνμελή
816 2676 891 2749 pag.
907 2673 976 2739 301.
1027 2653 1077 2721 Ex
1093 2678 1133 2724 eu
1148 2678 1225 2723 vero
1249 2645 1382 2723 hausere
1397 2652 1525 2737 Graeci,
1548 2648 1620 2747 poll
1632 2674 1708 2723 eum
1724 2651 1836 2719 riuen·

118 2770 167 2820 tes
194 2748 558 2846 pernmlti,·Galenus,
584 2753 714 2838 Aetius,
742 2773 772 2825 et
794 2781 832 2824 ex
853 2759 1015 2851 empiricis
1036 2756 1186 2852 inprimis
1207 2758 1323 2827 Lucius
1339 2752 1514 2852 Apuleius,
1540 2752 1607 2825 stuc
1630 2756 1770 2851 quisquis
1790 2746 1835 2823 ell

119 2857 238 2927 assetur
258 2853 359 2926 libelli
379 2850 421 2924 de
444 2856 542 2927 herba
563 2860 714 2927 vetonica
737 2878 768 2927 et
791 2854 831 2927 de
845 2858 1015 2927 virtutibus
1038 2858 1223 2929 herbarum.
1277 2860 1369 2943 Fuit,
1396 2853 1436 2927 ad
1454 2852 1564 2927 nollra
1586 2851 1656 2927 sere
1673 2877 1836 2949 tempora,
1906 2908 1908 2915 .

117 2962 234 3037 unicus
258 2963 293 3029 in
316 2957 500 3030 medicinali
528 2962 662 3031 numeria
682 2978 875 3057 praeceptor
895 2956 1143 3059 Hispanorum,
1177 2958 1429 3042 Lusrtanurum,
1458 2956 1559 3031 Andr.
1575 2962 1728 3056 Lagusae
1746 2950 1836 3027 disci·

118 3062 247 3161 plinam
267 3055 491 3161 sequentium.'
533 3064 642 3133 Mauri
658 3082 755 3160 atque
769 3058 904 3135 Tureas
916 3063 1033 3133 medici
1048 3060 1155 3134 adhuc
1169 3061 1292 3163 plantas
1310 3070 1487 3161 earumque
1500 3067 1631 3134 virtutes
1647 3087 1685 3134 ert
1700 3051 1836 3133 Diosco·

120 3166 193 3235 ride
207 3158 348 3237 discunt·
374 3164 443 3236 vicl
460 3164 585 3239 Slraw's
608 3166 744 3249 trusels,
771 3190 813 3237 ur
835 3160 990 3239 observat.
1014 3165 1153 3265 relating
1173 3187 1207 3239 to
1229 3159 1348 3237 several
1373 3186 1457 3265 parts
1478 3158 1520 3238 os
1535 3164 1677 3255 Barbary
1699 3160 1762 3237 and
1784 3166 1838 3236 the

117 3273 255 3341 Leuant.
287 3266 393 3341 Lond.
412 3290 495 3357 1757.
517 3292 549 3357 4.
576 3296 651 3367 pag.
667 3274 738 3355 263.
789 3272 905 3343 Multo
929 3263 1286 3369 etiaur‘srequeutiores
1308 3289 1585 3343 commentatores
1605 3268 1735 3351 habuit,
1767 3264 1837 3365 plu·
1967 3348 1973 3355 ,

122 3398 237 3470 resque
267 3368 430 3463 versiones
455 3391 486 3440 et
517 3370 676 3442 editiones
702 3398 844 3467 repertus
871 3373 933 3458 ert,
971 3400 1071 3471 quam
1092 3376 1176 3448 ullus
1197 3378 1247 3447 rei
1267 3366 1433 3447 lierbariae
1455 3393 1511 3446 aut
1531 3368 1838 3447 medicamentariae

121 3476 270 3577 scriptor.
295 3476 422 3554 litatur.
438 3474 588 3549 biblioth.
602 3476 814 3552 botuntum.
831 3482 855 3549 l.
875 3502 950 3577 pag.
966 3493 1036 3560 80.,

149 3679 157 3689 ⁴
223 3682 282 3754 Vl.
307 3662 522 3781 Exllanteius
535 3684 613 3784 περὶ
628 3675 891 3785 insusurratum,
917 3676 986 3753 fiue
1001 3703 1036 3754 vt
1052 3684 1225 3754 Erotianus
1238 3686 1272 3755 in
1287 3674 1473 3787 Kupprr'pa
1491 3680 1565 3755 edit.
1580 3684 1707 3755 franzii
1720 3704 1752 3778 p.
1770 3700 1836 3767 arn
1921 3690 1926 3701 “
1955 3690 1961 3697 “

123 3778 244 3875 vorat.
263 3783 400 3871 11211κοῖ1,
426 3808 500 3877 aut,
510 3791 572 3877 ‚uti
583 3787 727 3861 Galenus
743 3786 934 3885 fitnpliciter
948 3786 1026 3887 arrei
1041 3779 1143 3875 ὅλης,
1165 3786 1203 3857 dr
1218 3795 1350 3858 materia
1364 3766 1479 3861 mediso
1493 3785 1566 3858 libri
1581 3788 1621 3857 V.
1644 3784 1684 3857 ad
1703 3788 1839 3866 Areum,

120 3888 375 3983 Asclepiadeum
400 3887 589 3975 medicum,
621 3918 721 3987 quern
748 3886 956 3963 Dioscorides
977 3888 1043 3990 ipse
1066 3884 1250 3987 ὁμὸτεχνον
1269 3890 1422 3991 adpellat.
1473 3894 1551 3963 Eius
1567 3894 1675 3990 operis
1697 3891 1840 3989 quinque

122 3996 228 4069 libros
248 3990 459 4077 Dioscorides
480 3988 688 4094 conscripsit,
719 3999 764 4066 vti
787 3988 856 4093 ipse
877 3992 955 4063 dicit
978 3998 1010 4065 in
1033 3990 1235 4089 praefatione
1255 3993 1327 4068 libri
1345 3998 1367 4065 l.
1393 3991 1435 4066 nd
1456 3996 1599 4067 Areum:
1640 3990 1745 4071 οἶσθα
1765 3982 1840 4089 Ὑσῖς

123 4096 198 4197 ἡμῖν
220 4090 443 4201 spantoriacos
462 4095 520 4174 clv
540 4093 615 4184 βνδν
640 4095 919 4197 συναγηώχαμεν
939 4089 999 4187 rsit
1021 4090 1279 4198 arpn‘yprutrn'urr
1300 4103 1331 4177 ἔν
1352 4098 1367 4175 r'
1388 4088 1841 4201 παςα111ομέννν1βιβλίονς,

124 4206 171 4283 σέ
197 4201 472 4305 προτρεψαμὲνεν
493 4188 594 4307 {itui
619 4198 677 4293 rain
703 4196 862 4304 σύνταξιν
884 4197 1098 4300 οἱνατίἓεμνν
1168 4206 1208 4273 Et
1230 4200 1441 4301 adquintum
1463 4196 1642 4300 praelatus:
1679 4206 1709 4278 ἐν
1731 4189 1841 4301 stirp,
1911 4203 1921 4220 ‘
1967 4236 1976 4245 ·

77 4322 91 4333 “
124 4312 252 4406 inquit,
290 4300 481 4411 τελεοταὶῳ
495 4300 707 4406 ὑπάρχοντι
736 4308 797 4391 ris
829 4299 909 4396 inas
931 4297 1193 4407 πραγματεὶας
1222 4296 1459 4415 1ναλεξὸμ19α
1488 4304 1672 4407 aregisilus
1697 4296 1843 4399 scurris

124 4412 327 4506 καλεμὲνων
341 4408 575 4507 με’ταλλικῶν.
626 4412 788 4509 Qintum
811 4408 1348 4488 011111111111111111τῶνὺλοκῶ111111
1364 4410 1559 4493 Erutiatrrtr,
1584 4408 1605 4483 l.
1623 4412 1676 4510 cit.
1728 4408 1845 4505 Neque

125 4514 294 4594 Galenus,
325 4519 432 4618 neque
458 4513 542 4585 ullus
569 4514 650 4619 alius
673 4535 820 4587 veterum
850 4510 1059 4585 medicorum
1082 4513 1205 4601 libros,
1229 4518 1344 4613 quintu
1366 4502 1452 4587 libro
1475 4508 1671 4613 superiores,
1692 4514 1844 4611 cognitus
1914 4602 1916 4611 Ι

123 4620 251 4693 habuit.
1036 4656 1040 4659 ·

231 4825 303 4893 Vll.
338 4812 516 4913 Supersunt
537 4838 700 4915 praeterea
724 4818 796 4890 libri
820 4816 910 4904 cluo,
943 4800 1098 4899 aPlsorr'o
1122 4827 1155 4893 in
1179 4815 1644 4897 biblioth.·co'd;cLXXV111.
1673 4788 1769 4895 etiam
1793 4796 1849 4891 sub
1934 4848 1955 4919 J

124 4922 331 5006 Dioscuridis
353 4928 511 5025 numine,
537 4929 705 5022 tanlquam
726 4919 832 4995 sextus
853 4944 884 4995 et
906 4920 1061 5025 septimus
1081 4927 1184 5015 liber,
1210 4930 1247 4999 dt
1268 4926 1579 5022 despumatum
1598 4924 1847 5020 ritert'aeirledi,
1909 5002 1918 5011 ,
2044 4988 2048 4995 .

1678 5118 1681 5123 „
1719 5020 1848 5143 ⁴lentur
1869 5080 1911 5135 ‘s
