4550 5717
331 278 337 296 ¹
422 348 487 421 aa
586 342 838 419 tuanen.
1041 318 1269 418 'semaces
1303 339 1511 415 isarnus

523 534 750 629 Geograpteias
778 497 897 605 ueteris
916 530 1103 627 scriptores.
1161 488 1243 605 Cara
1271 489 1678 628 interpretamentis.
1708 528 1979 631 issertatiaeiise
2000 541 2033 603 et
2054 553 2147 603 aare
2232 594 2235 601 .

281 645 311 664 ’“
424 641 609 712 tetiaaiires.
634 635 743 711 vasi.
769 639 1085 728 Osoniae1698.8.
1757 676 1760 686 ι
2135 684 2147 695 .

529 773 632 844 Inhis
648 771 786 867 seylam
799 768 965 869 Periplus‚
988 794 1105 869 graece
1125 794 1203 843 eum
1220 766 1368 843 versione
1382 763 1483 841 isaaci
1495 762 1596 840 vostri
1611 768 1733 854 latina,
1761 767 1874 843 locum
1893 768 2033 841 obtinuit
2046 760 2150 841 seeun-

383 875 395 903 '
427 874 525 950 dum.
573 866 700 947 Textui
724 872 884 947 sobieslae
905 868 980 945 sunt
1007 869 1112 946 isariae
1137 871 1294 947 sessiones
1317 894 1348 947 et
1371 874 1595 957 comessores,
1622 875 1805 945 maximam
1829 892 1954 969 partem
1970 868 2104 965 evotiii
2119 888 2149 944 et

430 981 595 1055 Gronouii
609 976 806 1052 editionibus
821 973 956 1049 sumtae.
1008 980 1115 1055 Notae
1129 974 1295 1064 Palmetii,
1311 976 1463 1063 beticii,
1478 974 1592 1049 Vossii.
1609 980 1773 1050 Groneuii
1788 1002 1866 1047 cum
1877 980 1987 1073 paucis
2001 970 2149 1047 Hudsoui

261 1122 264 1129 ·
318 1101 320 1104 ’
430 1076 708 1157 adiettaetmtin
725 1078 833 1166 casce,
860 1085 1048 1179 p.7--6s.
1100 1084 1228 1151 Praeter
1243 1106 1280 1151 ea
1296 1084 1329 1151 in
1343 1082 1409 1151 hoc
1426 1085 1536 1175 primo
1554 1078 1725 1151 volunrine
1742 1084 1963 1164 continentur,
1989 1078 2150 1149 Hannonis

430 1213 502 1287 pes.
519 1184 775 1282 Agatharchides
791 1180 832 1256 de
848 1190 928 1255 mari
943 1185 1060 1266 rubro,
1082 1180 1141 1275 (de
1155 1208 1223 1283 quo
1239 1178 1303 1256 sid.
1318 1182 1372 1283 sib.
1392 1185 1446 1254 ΙΙΙ.
1468 1210 1537 1279 cap.
1557 1186 1594 1271 ii.
1617 1182 1682 1257 vol.
1700 1184 1757 1255 lis.
1781 1200 1857 1285 pag.
1870 1206 1908 1269 3²
1922 1178 1990 1281 sq)
2014 1207 2032 1254 e
2051 1184 2151 1252 Photii

432 1286 506 1363 eod.
524 1292 622 1365 eet..
640 1313 720 1359 cum
742 1292 837 1359 Laus.
853 1284 1093 1358 Rhodomasmi
1115 1284 1280 1367 versione,
1315 1283 1458 1383 Peripsus
1480 1307 1616 1384 vterque
1633 1284 1782 1358 Arriano
1804 1280 1996 1381 adscriptus,
2021 1282 2152 1355 Neassssi

434 1392 608 1495 paraplus‚
633 1416 673 1462 ex
695 1389 839 1461 eiusdem
861 1394 989 1470 Arriani
1015 1388 1152 1474 iudicis,
1178 1377 1338 1461 Marciani
1356 1374 1561 1461 Herastsosae
1584 1387 1728 1489 peripius
1749 1406 1825 1461 cum
1846 1382 2041 1485 fragmentis
2061 1387 2153 1457 Arte·

436 1500 552 1570 stridori
566 1520 606 1566 ac
618 1495 785 1588 Menippia
811 1512 843 1565 et
858 1499 1007 1588 omopssi
1014 1492 1164 1587 periples
1178 1492 1302 1565 Euxini
1317 1517 1355 1561 ae
1370 1494 1543 1563 Maeotidis
1554 1494 1700 1585 palatiis,
1726 1496 1881 1587 (basiano
1897 1494 1931 1563 in
1946 1489 2023 1564 cod.
2035 1486 2152 1562 voffia-

435 1626 484 1674 no
505 1591 680 1693 adscriptus
699 1595 776 1667 teiie
792 1593 896 1669 Catas.
913 1620 1144 1692 pag.1399.ns.
1161 1600 1227 1689 71.)
1254 1597 1293 1667 ab
1315 1588 1352 1669 1t.
1370 1594 1483 1669 Vossio
1498 1618 1531 1669 ee
1545 1600 1609 1667 Iac.
1623 1601 1800 1669 Granuuio
1816 1601 1882 1667 iam
1899 1593 2022 1678 editus,
2047 1619 2153 1693 quem,

438 1699 802 1789 arsnotmtesabricio,
826 1726 866 1771 et
880 1702 1019 1788 Scymni
1032 1702 1108 1770 cuii
1130 1722 1228 1797 atque
1251 1724 1292 1771 ert
1312 1702 1438 1770 Arriani
1463 1696 1804 1798 periplis'maximam
1825 1723 1950 1797 partem
1967 1695 2154 1769 adverbum

440 1798 715 1890 collectaneus,
741 1802 861 1873 eruditi
879 1797 1108 1887 obseruatum,
1134 1802 1271 1877 audiere
1285 1798 1352 1875 siue
1368 1802 1510 1899 Alypio,
1535 1798 1663 1903 dequo
1681 1801 1822 1875 Iulianus
1836 1800 1928 1903 episi.
1942 1826 1997 1889 30.
2018 1796 2102 1885 saue,
2126 1820 2155 1871 vt

441 1905 482 1983 ls.
501 1904 629 1980 Vossius
651 1905 872 1990 existimabat,
898 1903 1211 2003 iuniore'quodaun
1237 1904 1313 1978 sicet
1338 1904 1384 1983 H.
1400 1907 1595 1980 Dodeosssas
1613 1914 1648 1979 in
1664 1900 1735 1977 dits.
1752 1906 1797 1977 de'
1812 1908 1878 1979 stoc
1892 1902 2050 2003 scriptore
2067 1898 2154 2000 suspi-

349 2004 357 2035 ¹
445 2034 538 2087 cetur
556 2004 684 2095 nescio,
710 2034 812 2109 quem
829 2008 1025 2081 Diocletiani
1037 2012 1117 2104 imp.
1145 2010 1348 2107 temporibus
1369 2014 1608 2111 propinquum.
1661 2006 1878 2107 Singulorum
1892 2010 1995 2081 textui
2010 2002 2155 2079 Hudson.

444 2111 609 2215 praemisit
631 2112 820 2185 testimonia
843 2134 1009 2207 aeterum,
1031 2132 1064 2185 et
1084 2108 1213 2185 subiecit
1232 2119 1335 2185 varias
1354 2111 1510 2188 teutones
1532 2136 1610 2185 cum
1632 2106 1694 2185 suis
1709 2113 1916 2210 aliorumque
1930 2108 2157 2209 emendationi-

445 2224 525 2305 bus,
548 2238 579 2290 et
599 2223 633 2287 in
654 2216 719 2289 sine
740 2212 807 2287 suas
828 2214 1036 2317 aiiommque
1051 2236 1145 2289 notas
1161 2210 1267 2315 posuit
1280 2216 1453 2290 uberiores.
1503 2210 1838 2305 Praefationemreso
1853 2216 2020 2312 excipiunt
2036 2214 2159 2286 Hensisi

426 2322 611 2396 ‘Dodeoeiti
629 2317 673 2391 de
695 2323 967 2419 geographorum
978 2346 1096 2419 „quos
1113 2324 1260 2418 primum
1277 2324 1343 2391 boc
1355 2320 1514 2392 volumen
1528 2320 1694 2407 continet,
1717 2338 1822 2393 aetate
1834 2338 1867 2393 et
1879 2312 2023 2416 scriptis,
2048 2315 2156 2389 datm

447 2421 691 2499 obses-tationes.
744 2431 783 2495 At
800 2424 991 2495 Gronouius
1012 2448 1111 2521 aegre
1132 2422 1225 2509 tulit,
1251 2448 1355 2520 quum
1377 2422 1453 2495 istos
1473 2428 1620 2496 audiores
1643 2442 1710 2495 tam
1730 2408 1864 2523 seperate
1882 2416 2012 2498 recusos
2033 2416 2160 2519 suasque

450 2551 546 2601 notas
567 2531 707 2624 integras
729 2522 864 2623 quiden
888 2526 928 2595 ad
949 2519 1134 2611 sesumam,
1166 2519 1219 2597 sed
1245 2550 1308 2631 pqo
1328 2524 1431 2597 lubitu
1452 2542 1563 2599 tamen
1586 2544 1768 2615 truncatas,
1793 2526 1952 2613 mutatas,
1972 2528 2093 2603 etiam,
2111 2534 2159 2609 (n

451 2627 646 2729 conquestus
660 2623 731 2716 eth)
758 2626 868 2698 alienis
893 2625 1210 2699 serbisaeadusteratas
1232 2646 1395 2721 cerneret:
1420 2654 1480 2700 nec
1497 2626 1665 2703 Dodwessi
1683 2632 1828 2703 tationes
1842 2627 1883 2703 de
1898 2648 2000 2701 aetate
2014 2630 2162 2717 Scylacit,
2234 2604 2235 2655 ¹

368 2814 372 2819 ,
450 2726 515 2808 suis
535 2732 649 2804 crebro
675 2726 860 2830 oppositas,
886 2731 1025 2829 probare
1048 2734 1168 2826 potuit.
1216 2732 1326 2830 Qare
1348 2732 1589 2831 exemplaribus
1608 2730 1759 2806 editionis
1782 2730 1876 2818 suae,
1900 2762 1921 2805 a
1937 2732 2072 2805 librario
2089 2756 2160 2801 aaa·

451 2836 535 2911 duna
560 2830 714 2918 venditis,
753 2837 846 2929 operi
878 2858 1007 2907 nouum
1042 2832 1173 2905 titulum
1207 2834 1387 2932 praefigere
1420 2834 1520 2923 iuffit,
1559 2858 1593 2909 et
1620 2834 1739 2909 adiecit
1768 2838 1918 2909 acerbam
1950 2832 2106 2935 quidem,
2134 2848 2161 2903 at

451 2940 589 3013 tottam
610 2934 885 3035 (iaquisitionem,
908 2942 943 3007 iu
965 2962 1030 3035 qua
1047 2935 1226 3009 editionem
1242 2934 1489 3033 oxoniensem,
1513 2934 1731 3039 Hudsonique
1753 2933 2089 3038 consilium'grauiter
2104 2934 2162 3007 cus·

450 3049 542 3147 pauit
557 3046 731 3141 praecipue
749 3038 917 3133 Dodueisi
931 3038 973 3113 de
986 3035 1127 3129 Scylacis
1144 3060 1246 3111 aetate
1265 3036 1456 3113 sententiam
1477 3061 1734 3143 argumentaque
1753 3044 1817 3117 late
1831 3040 2044 3139 persequutus
2059 3046 2164 3114 acriter
2233 3074 2234 3131 ς

453 3151 677 3243 isnpugnauit.
728 3145 878 3240 Singulas
898 3166 1007 3215 autem
1030 3141 1288 3217 Doduressianae
1307 3140 1536 3218 dissertationis
1582 3150 1784 3247 aragsapbos
1807 3144 1918 3221 recudi
1941 3140 2040 3235 fecit,
2074 3150 2164 3241 iisque
2233 3160 2234 3187 t

457 3272 601 3321 examen
619 3267 650 3319 et
673 3240 897 3341 responsiones
918 3242 1010 3341 saepe
1026 3246 1201 3318 virulentas
1219 3242 1362 3320 subiecit.
1413 3252 1502 3322 Huic
1516 3174 1744 3348 disputnmni,
1771 3276 1855 3348 quae
1869 3254 1936 3323 LX.
1951 3253 2079 3349 paginis
2095 3274 2163 3318 coa

328 3426 333 3432 ,
373 3356 377 3363 ’
456 3352 534 3435 siat,
569 3343 734 3448 praemisit
757 3345 1022 3445 inscriptionem:
1053 3354 1162 3443 iacobi
1177 3350 1334 3422 Gronoaii
1354 3353 1580 3455 animaduerso
1604 3358 1639 3425 io
1657 3366 1803 3427 secernam
1823 3358 1862 3425 ab
1887 3356 2016 3429 Oxooio
2041 3352 2165 3448 &piatis

455 3457 622 3530 editionem
643 3464 675 3521 et
695 3452 923 3547 diffamationis
943 3460 981 3525 ste
996 3455 1131 3551 Scyiosis
1153 3467 1257 3523 aetate
1274 3477 1411 3526 saassren.
1467 3457 1599 3527 Acesta
1619 3472 1798 3551 excerptam
1812 3458 1937 3551 Epicuri
1958 3480 1997 3527 ex
2018 3470 2164 3553 typogra-

407 3585 410 3593 ·
451 3560 531 3655 plaia
551 3552 717 3647 cirisiaco
726 3554 897 3649 seruatum
915 3561 946 3627 irs
965 3558 1150 3627 bibliotheca
1164 3559 1294 3629 nrrdieea
1315 3572 1345 3629 et
1360 3561 1514 3630 abeodem
1530 3561 1731 3657 descripturos.
1780 3560 1877 3645 sude,
1898 3578 2032 3641 mutato
2047 3580 2165 3631 tantum
2232 3556 2233 3633 s

457 3683 489 3771 et
504 3688 536 3733 a.
551 3684 643 3749 1700.
661 3656 788 3755 signato
802 3654 908 3743 sulio,
936 3660 1039 3733 altera
1054 3656 1221 3767 inscriptio
1236 3678 1329 3732 enata
1343 3662 1407 3739 ess:

560 3780 784 3877 Geograpisisa
811 3784 944 3877 antiqua
968 3820 1021 3835 -
1043 3820 1098 3835 --
1121 3820 1173 3835 -
1196 3795 1228 3852 et
1258 3782 1370 3851 artensi
1395 3784 1500 3853 iacobi
1520 3782 1691 3856 Groaoaii.
1746 3774 1845 3859 Cuius
1875 3729 1991 3855 aeeeait
2022 3788 2115 3855 anim.
2137 3784 2166 3851 ia

457 3886 568 3959 Ossan.
582 3883 657 3952 edit.
673 3896 703 3953 st
719 3908 846 3955 examen
859 3882 1097 3981 dissertationis,
1118 3884 1157 3954 de
1177 3896 1280 3995 aetate
1295 3885 1430 3980 Seplasia
1446 3908 1514 3990 sqm
1526 3886 1722 3985 fragmenta
1735 3886 1873 3979 Ephori.
1896 3884 2053 3987 Lugduni
2065 3890 2164 3959 Batau.
2231 3928 2232 3931 π

458 3990 511 4089 ap.
526 3984 706 4059 Iordanum
721 3989 933 4060 Lucirtmans.
957 4012 1050 4077 1700.
1076 4008 1110 4074 4.
2231 3996 2232 4061 t

559 4126 706 4216 Excepta
725 4118 783 4193 ilia
805 4118 1088 4195 animaduersione
1110 4116 1269 4193 editiones
1285 4148 1315 4195 a.
1330 4120 1423 4213 1697.
1439 4138 1470 4193 et
1482 4144 1581 4213 ¹700·
1605 4148 1675 4194 non
1688 4115 1832 4196 diuersae
1849 4119 1920 4197 suut
1934 4138 1996 4199 nec
2012 4126 2167 4225 repetitae,
2231 4080 2232 4169 s

457 4222 516 4301 sed
525 4252 590 4297 rna
603 4225 793 4321 eademque.
818 4222 969 4301 Hudson.
986 4246 1097 4297 autem
1112 4228 1274 4297 Grononii
1296 4216 1583 4297 obtrcdiatiouibus
1604 4224 1751 4301 modesie
1772 4248 1805 4301 et
1824 4233 1937 4327 paucis
1956 4224 2123 4331 respondit
2136 4230 2165 4295 iu

457 4326 596 4433 praefat.
617 4324 658 4399 ad
678 4329 718 4397 11.
734 4326 902 4399 rosunsea.
954 4332 1123 4427 Qoniam
1146 4353 1225 4399 reso
1242 4328 1432 4401 Gronouiue
1448 4327 1575 4422 Ephori
1596 4324 1820 4428 fragmentum
1836 4326 1897 4405 sao
1914 4338 2061 4405 examini
2075 4324 2165 4403 subis

387 4462 393 4475 ·
460 4457 575 4607 eerqq2¹
598 4428 633 4503 id
654 4425 766 4503 forsan
783 4436 971 4511 commouit
994 4427 1147 4504 Hudson.
1168 4449 1202 4501 vt
1223 4428 1326 4513 iilud,
1359 4454 1566 4531 quamquam
1587 4432 1635 4503 bis
1652 4429 1865 4531 promiserat,
1897 4435 2097 4511 collectione
2115 4428 2165 4505 sus

460 4562 520 4609 estc
579 4554 656 4607 eret.
817 4559 821 4568 ’
1609 4568 1611 4574 ·
1926 4576 1928 4579 -

564 4666 614 4740 nd
631 4638 803 4759 Scylacem
832 4662 1059 4740 illustrandum
1085 4688 1118 4741 et
1147 4660 1392 4741 emendandum
1419 4671 1581 4767 pertinent
1607 4668 1745 4765 siieopss.
1760 4672 1882 4771 Spgefr.
1902 4674 2032 4773 Beyrei.
2048 4694 2164 4747 comm.

459 4770 504 4849 «ἐ
526 4766 588 4844 situ
609 4772 762 4861 Scythiae
790 4762 847 4841 sub
878 4791 1017 4843 aetatem
1045 4768 1231 4855 Herodoti,
1266 4789 1353 4843 tom.
1371 4772 1397 4844 i.
1419 4790 1636 4845 commentas.
1663 4777 1851 4876 Petropolit.
1875 4788 1951 4877 pag.
1966 4800 2033 4869 404
2047 4774 2112 4877 sqq.
2136 4792 2163 4847 et

459 4880 576 4953 Basse'ss'
588 4874 809 4958 statatum,
830 4874 857 4955 Ι.
872 4878 914 4966 V.
928 4878 973 4949 D.
993 4893 1026 4950 et
1046 4876 1199 4949 &diesis
1221 4876 1449 4965 Doscumaui,
1480 4878 1671 4951 masidam
1690 4885 1840 4957 criticum
1858 4884 1894 4957 iu
1917 4900 2039 4978 veteres
2061 4882 2163 4955 astio-
2228 4944 2230 4981 q

2111 5004 2166 5071 sss,
2227 4982 2230 5075 s

2229 5086 2230 5135 t

2213 5434 2229 5653 s
