4550 5717
657 381 667 397 ¹
696 308 1035 431 ANTHoLoorae
1065 304 1331 394 PLANVDEAE
1381 316 1455 391 Lib.
1468 320 1541 389 111.
1557 343 1583 393 r.
1594 318 1767 393 XXXII.
1817 343 1882 417 442

524 450 652 572 bitis·
681 493 854 595 singuli
891 498 956 571 uel
998 505 1306 602 epigrammata
1334 504 1507 601 selecta.

244 639 404 712 Graecae
426 633 610 711 literaturae
631 631 802 731 dragmata
826 638 876 706 lo.
895 635 1137 727 Orraiarapodiu
1158 626 1291 725 autore,
1316 639 1456 715 Basileae
1475 639 1690 744 apud-hadr.
1704 644 1880 722 Cratandr.

119 808 122 817 .
157 740 361 832 aMDXXl.
411 778 465 795 —·
513 737 762 837 Compeudium
788 744 1025 836 grammaticae
1046 764 1182 837 graecae
1206 743 1268 815 lac.
1283 746 1440 841 Ceporini
1460 752 1526 820 iam
1548 746 1591 821 de
1605 753 1737 849 integro
1752 753 1791 823 ab
1808 748 1881 853 ipso

139 842 500 941 'authorc'cassigatum
517 864 547 917 et
564 841 816 939 locupletatum.
868 840 1005 915 Hehodi
1029 850 1212 941 georgicon
1230 848 1270 917 ab
1296 847 1415 920 eodem
1440 852 1609 950 Ceporino
1636 854 1726 927 breui
1752 851 1880 931 scholio

154 946 372 1033 adornatum,
396 948 450 1027 ,vbi
467 944 624 1021 dictiones
640 968 670 1017 et
692 940 866 1019 senten-tiae
887 942 1048 1045 quaedam
1071 943 1274 1021 obscuriores
1295 972 1394 1051 atque
1412 954 1517 1027 obiter
1539 980 1737 1051 graecorum
1761 956 1879 1033 cirmi-

147 1078 237 1133 num
260 1058 342 1131 ratio
367 1048 558 1141 declaratur.
611 1051 861 1147 Epigrammata
883 1047 1037 1149 quaedam
1060 1052 1216 1145 lepidiora
1235 1058 1300 1123 vire
1322 1060 1482 1127 coronidis
1503 1060 1623 1130 naiasin
1645 1080 1705 1139 erc,
1737 1062 1878 1137 Bgfilm

27 1212 28 1217 η
155 1155 240 1255 apud
264 1150 694 1249 Valentinum,Curionem
721 1158 846 1237 mma.
900 1158 1148 1253 Epigrammata
1176 1154 1359 1257 Posidippi,
1393 1159 1602 1247 Metrodori,
1630 1167 1785 1260 Archiae,
1814 1172 1879 1241 Lu·
2003 1218 2013 1240 .-

156 1266 256 1341 ciaui,
284 1258 433 1331 Palladae
451 1282 481 1330 et
496 1258 638 1330 aliorum
659 1256 777 1331 habeut
794 1254 1037 1356 inscriptionem
1054 1254 1168 1331 suarm
1193 1257 1462 1363 intppiippm‘
1473 1294 1554 1344 m
1571 1260 1744 1371 medin,
1756 1301 1877 1365 mm,

154 1360 338 1467 μισθέιτα.
389 1362 498 1435 Exslat
511 1366 541 1434 in
561 1360 636 1433 bibl.
652 1360 743 1463 publ.
760 1357 910 1435 Giesseusr
927 1384 958 1433 et
972 1360 1105 1463 Lipsrca.

258 1500 504 1595 Epigrammata
523 1520 639 1591 grana
665 1468 959 1591 veterani-eleganti
980 1522 1042 1569 rna
1060 1500 1224 1595 radantque
1246 1498 1349 1571 lutiae
1365 1526 1428 1595 ptr
1451 1502 1502 1574 lo.
1519 1504 1657 1577 Sarmat
1678 1506 1812 1584 eosieiia.
1839 1508 1877 1611 (e

27 1594 28 1601 ἵ
157 1600 228 1675 libr.
245 1608 271 1677 l.
291 1608 329 1677 ΙΙ.
349 1606 400 1673 lli.
419 1604 489 1689 tv.)
525 1600 687 1671 Coloniae
711 1624 788 1692 ¹5²5·
812 1622 857 1675 ra.
883 1640 936 1655 -·
961 1617 1047 1694 1528.
1071 1616 1102 1686 8.
1134 1640 1186 1655 —
1224 1629 1286 1673 rec.
1306 1606 1453 1699 friburgi
1473 1609 1657 1705 Berguisa,
1694 1616 1876 1713 Stephanus

157 1692 329 1780 Malechus
354 1710 493 1779 Grauius
519 1702 850 1797 excudebat'r3448r
874 1730 974 1803 quam
988 1702 1168 1779 editionem
1184 1712 1416 1807 typographps
1430 1711 1570 1783 Grauius
1583 1712 1759 1811 praedicat,
1785 1720 1876 1791 Sote·

156 1814 245 1883 tiana
269 1803 332 1883 else
349 1809 458 1881 multo
479 1808 738 1905 castigatiorem,
762 1831 809 1882 err
826 1808 1004 1883 collatione
1025 1807 1289 1889 emendatiorum
1308 1809 1462 1884 codicum
1480 1812 1642 1889 amandis
1663 1843 1875 1920 repurgatam

157 1940 187 1987 er
205 1913 374 2087 nonnulllis
396 1916 686 2087 epigramrparibus
708 1938 747 1985 ex
772 1936 892 2012 graeco
908 1911 1085 2015 exemplari
1101 1912 1261 1991 adiuodiie
1274 1912 1540 2016 locupletiorem.
1568 1917 1632 1993 vid.
1646 1924 1802 2021 Fragrag.
1821 1922 1876 1999 ad.

153 2044 221 2120 par.
243 2016 303 2093 litt.
335 2022 356 2089 i.
380 2044 454 2117 pag.
468 2042 538 2109 790
570 2043 600 2117 q.

257 2152 372 2225 serena
393 2155 620 2245 epigrammata
637 2174 753 2245 granu
777 2112 875 2221 latine
894 2149 1000 2245 uersa,
1026 2174 1065 2221 ex
1080 2146 1202 2246 septen
1219 2120 1520 2247 epigrammatoran
1530 2180 1720 2258 graecorum
1736 2163 1826 2235 libris
1841 2161 1877 2239 0,

27 2258 33 2319 ’-
122 2305 126 2323 .
159 2252 365 2346 hccefferunt
385 2258 539 2329 aturribus
558 2260 712 2327 omnium
741 2256 901 2355 prioribus
926 2252 1119 2327 editionibus
1142 2283 1180 2327 ac
1202 2254 1401 2328 versionibus
1413 2256 1487 2357 plus
1503 2286 1602 2358 quam
1618 2270 1794 2365 quingenta
1809 2274 1875 2365 epi·

157 2384 364 2461 grammata,
390 2385 500 2431 reeens
523 2354 610 2431 versa
629 2358 671 2431 ab
688 2358 823 2429 Anarta
838 2358 998 2443 Airiato,
1013 2356 1212 2447 Ottomanao
1230 2359 1394 2455 Luscinio,
1420 2388 1459 2431 ac
1478 2365 1560 2435 Irraa
1578 2366 1757 2459 carnario,
1782 2373 1875 2444 Zuir»

156 2462 304 2541 cauienfi.
329 2504 382 2520 -
404 2462 544 2535 liasrleae
557 2458 742 2535 eaaedibus
759 2462 806 2533 lo.
821 2460 948 2533 Bebelii.
976 2456 1077 2532 mens.
1093 2470 1177 2561 hug.
1193 2464 1402 2535 Mu.xxrx.
1427 2467 1548 2558 (1529.)
1572 2480 1604 2553 8.

260 2594 360 2697 Qrod
376 2603 554 2671 Carnarius
568 2603 601 2669 in
616 2590 837 2695 praefatione,
863 2582 967 2685 (cuiue
992 2616 1118 2695 partem
1140 2592 1229 2676 dedit
1242 2598 1414 2670 Maittairt
1435 2604 1475 2671 n.
1491 2600 1538 2671 T.
1560 2600 1599 2674 ll.
1621 2626 1696 2703 pag.
1710 2612 1792 2701 725.)
1816 2612 1873 2701 ait,

156 2699 187 2779 se
208 2708 299 2779 huuc
322 2702 470 2777 libellum
495 2706 601 2773 tribur
621 2702 769 2771 centuriis
786 2700 850 2792 ase
863 2700 1030 2793 unsarans
1043 2700 1172 2773 audura
1185 2704 1331 2786 mitteret
1357 2694 1531 2799 suspicatus
1552 2730 1663 2790 eram,
1685 2704 1872 2810 sequentem
1905 2698 1925 2735 ⁶*

156 2809 295 2897 librum,
320 2812 410 2881 cuius
422 2810 574 2880 notitiam
590 2808 714 2877 auricus
730 2804 809 2873 mihi
825 2828 882 2901 per
898 2804 1017 2875 litterar
1033 2800 1139 2889 dedit,
1174 2801 1224 2877 sed
1249 2810 1325 2875 anni
1345 2828 1481 2891 uotam,
1506 2808 1586 2904 (qua
1607 2836 1690 2883 num
1709 2812 1791 2886 liber
1806 2810 1873 2916 ipse
1894 2812 1901 2819 ’

157 2928 279 2999 eareat,
304 2907 442 3003 nescim)
468 2936 537 2982 non
553 2904 735 3007 adscripsit,
762 2913 849 3005 prius
864 2912 899 2979 in
912 2906 1019 2979 lucem
1041 2901 1159 2979 exiisse.
1210 2910 1261 2981 En
1282 2914 1477 2981 exteriorem
1499 2911 1649 2987 titulum:

256 3048 344 3121 Seria
359 3050 478 3143 iurique
491 3039 676 3115 dulcill‘nno
689 3040 871 3113 litterarum
885 3044 1073 3113 Meroenati
1092 3044 1133 3114 D.
1151 3046 1298 3113 haroaio
1314 3048 1339 3117 F
1341 3068 1468 3142 uggero
1490 3044 1530 3119 ab
1544 3047 1749 3142 Ottunmaao¹
1762 3050 1873 3149 Lusii·

158 3157 211 3227 aiu
224 3179 294 3227 non
310 3148 376 3223 line
387 3148 507 3249 insigni
522 3143 836 3243 delee'lucoogella,
862 3168 1004 3243 qaorum
1016 3146 1194 3219 elenchum
1207 3142 1342 3246 sequens
1358 3146 1556 3221 monstrabit
1575 3150 1712 3249 pagella.
1738 3194 1792 3207 —
1820 3157 1872 3227 la·

157 3264 257 3331 terior
279 3276 387 3335 sutem
403 3251 515 3363 titulus?
530 3258 563 3325 in
579 3244 687 3325 auersa
702 3251 820 3347 pagina
836 3250 889 3319 hic
906 3244 968 3319 eli:

257 3392 419 3465 Plutarchi
449 3428 496 3443 -·
518 3388 793 3465 commentarius,
819 3409 887 3481 quo
907 3407 973 3453 aaa
987 3380 1068 3453 alius
1083 3384 1212 3461 utilior,
1236 3380 1379 3469 docens,
1404 3386 1523 3482 quibus
1543 3392 1741 3487 argumentis
1759 3386 1871 3489 depre-

156 3494 296 3578 hendas,
322 3500 406 3567 circa
421 3494 590 3577 virtutem,
617 3514 750 3561 murum
766 3492 913 3580 vitaeque
937 3492 1153 3585 iutegritatem
1175 3509 1205 3559 te
1224 3508 1314 3558 certo
1336 3485 1524 3585 profecisse,
1553 3492 1746 3569 Otronruaaa
1762 3494 1871 3587 Lusci·

156 3607 210 3671 aiu
225 3606 407 3695 interprete.
434 3636 480 3650 -
509 3598 786 3689 Epigranrnratnm
799 3587 948 3685 grorctinr
962 3595 1219 3681 rnrtttriardnaa,
1245 3592 1622 3686 latinitatrprrermrdna
1638 3600 1783 3687 donatur,
1810 3593 1870 3666 stu·
1964 3664 1967 3671 .

155 3704 240 3801 gulis
257 3700 490 3775 illustratorum
506 3702 725 3797 argumentis,
752 3694 836 3765 vnde
851 3718 978 3791 graecas
994 3692 1061 3765 illas
1084 3701 1220 3793 argutias
1246 3694 1462 3794 leporemque
1485 3700 1774 3795 incomparabilem
1794 3694 1871 3771 saci·

154 3794 190 3881 le
203 3804 373 3908 alloquaris
390 3793 514 3875 licebit:
542 3788 635 3875 ira'vt
658 3798 766 3873 adres
789 3792 901 3882 serias,
926 3804 1036 3892 iocos,
1065 3802 1097 3867 iu
1118 3794 1264 3871 uniuersa
1282 3802 1351 3871 adia
1368 3796 1434 3871 vsui
1452 3798 1515 3875 esse
1538 3799 1666 3895 po'shnt.
1693 3838 1741 3859 ·-
1768 3799 1886 3874 lodex.

155 3939 266 3985 rerum
288 3936 344 4011 per
366 3914 600 4007 epigrammata
625 3902 756 4003 sparhm
779 3900 996 3999 digestarum,
1023 3928 1090 4000 quo
1115 3900 1175 3972 siat
1190 3908 1321 3973 inuento
1344 3900 1465 3975 faciles.
1516 3901 1581 3975 Sed
1604 3931 1707 4003 quum
1729 3904 1772 3976 ci.
1790 3905 1868 3975 Aa.

156 4018 251 4086 Endr
265 4034 445 4087 comment.
468 4012 599 4085 datiam
622 4009 660 4081 de
689 4012 753 4102 uita¹
776 4004 961 4103 scriptisque
982 4007 1129 4078 Ottarari
1150 4007 1355 4101 Nachtgalii,
1379 4008 1452 4102 (qui
1475 4010 1574 4078 etiam
1598 4033 1721 4079 tromcn
1747 4004 1868 4105 saepius

157 4126 299 4193 mutauit
313 4144 407 4188 ruore
425 4116 510 4187 illius
526 4118 594 4185 aeui
609 4137 638 4185 et
657 4108 686 4183 se
705 4111 886 4183 nominauit
903 4110 1101 4204 Lasciuium,
1130 4098 1355 4190 Paruimus,
1382 4112 1579 4205 Prognrnar,
1607 4111 1750 4198 nsidera)
1774 4117 1806 4181 in
1828 4112 1867 4183 cl.
1889 4117 1893 4121 ’

155 4224 308 4295 Strobriii
322 4216 555 4291 Miscellaneam
574 4206 794 4293 literarischeri
810 4210 945 4299 luhalts,
971 4218 1123 4309 paratv.
1152 4214 1267 4285 Norib.
1287 4230 1368 4300 1781.
1384 4227 1413 4299 8.
1440 4210 1640 4308 cursorem,
1666 4240 1739 4313 pag.
1754 4238 1786 4307 51
1803 4209 1867 4313 sqq.

155 4321 281 4425 reperi,
304 4327 424 4397 librum
442 4324 590 4399 illumin
612 4320 719 4401 lucent
738 4312 891 4420 prodiisse
910 4319 1216 4412 Argentor.1529.8
1245 4338 1276 4389 et
1290 4314 1529 4390 dedicationem
1547 4313 1610 4389 elle
1626 4316 1735 4389 datam
1751 4343 1787 4388 aa
1804 4344 1870 4389 aea.

31 4422 33 4453 ³
156 4432 261 4510 daseia
276 4425 502 4526 Fribnrgrafi,
528 4428 631 4497 idibus
642 4428 782 4495 -Iaauan
801 4444 882 4513 ¹529·
935 4423 977 4491 lbi
996 4446 1128 4517 quoque
1147 4438 1294 4515 notatur,
1318 4421 1579 4513 Epigrammata,
1601 4416 1871 4494 aLusciniouer.
1937 4450 1942 4457 ·
2055 4451 2059 4460 ·

156 4534 211 4622 sa,
242 4531 404 4606 interdum
428 4548 569 4614 mutata,
599 4536 632 4599 iu
654 4529 725 4599 aliis
747 4524 892 4601 eiusdem
914 4526 1041 4623 generis
1064 4523 1314 4597 collediionibus
1337 4520 1430 4595 suitse
1451 4520 1653 4623 repetita‚³c.
1666 4552 1716 4624 gr.
1737 4528 1772 4597 in
1796 4530 1871 4626 Epi·

156 4634 395 4766 grammatibus
408 4636 532 4735 graecie
549 4652 693 4706 ueterum
719 4672 772 4689 --
792 4656 849 4732 per
864 4632 1011 4703 Soterem
1019 4627 1194 4805 gqplpdlais,
1220 4626 1343 4703 Calon
1358 4641 1439 4720 1528·
1455 4648 1487 4715 3.
1512 4635 1545 4702 in
1564 4622 1690 4738 seleelia
1709 4638 1870 4807 epigrgppt.

201 4906 229 4973 i)
259 4850 477 4957 haserenan
500 4883 649 4973 collectio.
737 4970 741 4979 Ι
