4550 5717
477 263 481 271 ⁴
533 293 554 316 ²
610 361 614 370 -
756 277 916 394 =rnvti
944 307 1197 424 aeternatur
1255 429 1261 442 ι
1326 263 1330 272 ’
1387 267 1577 400 aazia
1591 321 1683 398 νη.
1719 437 1723 460 ἡ
1755 299 1903 422 'toa
1954 277 1969 328 ³

135 516 290 601 Maxime
304 507 473 614 probabile
489 506 545 596 esi,
567 483 730 584 Riemann
745 503 930 582 donnana
945 509 1150 582 cbrislianarn
1170 505 1344 584 innotuisse
1370 535 1430 609 per
1447 511 1666 597 Christianos,
1689 533 1782 588 antea
1798 521 1848 588 lu·
1907 529 1908 534 ’
1993 507 1997 540 ¹

127 623 249 706 daeos,
279 623 335 720 qui
358 633 562 690 mercaturae
584 608 784 686 exercendae
804 608 910 685 caussa
930 616 1077 689 Rotnani
1099 636 1262 688 venerant.
1325 611 1512 688 eonssiti'sse
1541 636 1650 689 autem
1678 615 1847 694 ecclesiam

124 730 231 800 Rom.
249 750 318 796 non
334 743 402 794 tam
417 746 456 792 ex
469 717 671 809 horninibus,
686 733 782 794 antea
794 706 982 814 gdntilibun
1007 741 1107 818 quam·
1122 725 1231 817 potius
1246 723 1429 809 maximam
1442 739 1568 818 partem
1588 722 1846 811 exhominans,
1907 739 1910 750 ·

77 890 82 898 ,
125 849 221 902 antea
233 826 386 925 religioni
396 819 553 895 sudaicae
568 817 721 905 audietis,
743 816 842 893 docet
862 822 1009 916 Koppics
1024 820 1154 923 Proleg.
1172 850 1203 922 p.
1220 849 1247 914 7.
1277 821 1367 922 quod
1391 827 1500 895 minue
1520 825 1626 911 recle,
1651 843 1685 894 vt
1705 821 1846 908 videtur,

116 942 245 1032 'negat,
285 951 316 1002 et
336 920 538 1048 Christianos
561 923 639 998 illos
668 921 851 1100 mapima'tn
883 914 1010 1025 partein
1030 944 1124 1045 antea
1146 925 1285 1025 gentiles
1304 919 1414 1014 scisse,
1446 924 1599 999 adfirmat
1618 929 1749 1002 nram
1767 926 1790 999 l.
1813 955 1847 1002 ο.

121 1023 1847 1228 iis·brnffslssllfflisslrilsfi}‘pilii‘‚qblslnsffllll‘llillilllfllffl

22 1237 27 1245 ⁴
122 1245 188 1322 alii.
241 1245 320 1340 Qo
340 1265 420 1312 vcro
445 1262 524 1308 anno
546 1231 730 1333 conscripta
750 1232 807 1321 stt,
841 1231 1029 1308 dissentiunt
1051 1238 1191 1310 mirifice
1214 1242 1414 1338 interpretes.
1471 1239 1657 1312 Nominant
1677 1243 1765 1322 enim
1789 1240 1845 1310 alii
1904 1303 1909 1312 .

96 1382 105 1415 ·.
122 1380 152 1422 a.
170 1350 252 1422 cur.
270 1347 338 1417 Lls.
360 1348 405 1437 (v.
422 1369 450 1414 c.
467 1340 598 1412 Laron
616 1339 788 1431 Cappcssus
804 1343 839 1410 in
860 1335 933 1410 laiss.
950 1336 1143 1436 Aposlolor.
1169 1340 1341 1426 illustrata,
1375 1339 1645 1440 quam'laudauit
1667 1343 1845 1436 Fabricius3
1881 1417 1885 1422 ,
1984 1409 1990 1416 .

122 1453 300 1524 Schmidiut
314 1449 362 1520 H.
378 1448 418 1519 C.
433 1470 508 1543 pag.
521 1445 614 1534 628.)
637 1442 691 1515 alii
710 1469 742 1516 a.
759 1445 840 1516 Chr.
856 1445 941 1516 LlV.
959 1443 1084 1532 (Calon.
1099 1449 1132 1515 in
1153 1444 1323 1545 Prolegg.)
1338 1447 1406 1517 LV.
1421 1444 1567 1538 (Snsmcſs
1581 1449 1616 1516 in
1631 1466 1789 1546 apparatu
1804 1443 1846 1520 de
1948 1505 1952 1522 .

120 1551 267 1658 primatu
286 1577 406 1650 papae,
426 1573 506 1648 pag.
522 1553 579 1637 46.
606 1544 803 1619 Dorstoelsur
821 1542 862 1618 de
875 1549 946 1618 iure
960 1545 1089 1620 Laicor.
1105 1541 1313 1632 circa'l‘arcra,
1338 1573 1416 1648 pag.
1431 1572 1500 1638 232.
1515 1545 1638 1620 laudati
1650 1577 1669 1622 a
1683 1549 1845 1640 Fabricio)

118 1660 192 1734 LX.
220 1655 495 1752 (Sandlngnriur,
519 1675 620 1748 quern
641 1654 752 1734 citauit
772 1649 916 1745 fabric.)
936 1649 991 1724 alii
1009 1648 1283 1751 deniqueLVlls.
1300 1655 1389 1726 hunc
1404 1637 1719 1734 annum'nominant
1734 1653 1848 1728 Fabri·

119 1768 190 1837 eius
201 1758 328 1848 noller,
351 1778 385 1830 et
399 1754 569 1829 Michaelis
579 1754 718 1828 ‘Einsein
737 1753 796 1824 Tb.
813 1756 867 1826 II.
884 1778 959 1852 pag.
975 1777 1057 1842 1232.
1072 1756 1104 1850 ᾗ.
1121 1763 1190 1842 188.
1214 1756 1328 1852 sinin]
1730 1747 1735 1756 ’
1859 1749 1870 1794 ”

227 1896 348 1969 Graece
359 1887 476 1990 scripta
491 1887 535 1962 esl
550 1885 699 1990 epislola,
722 1911 795 1960 non
808 1887 924 1970 satine,
949 1886 1004 1961 etsr
1023 1885 1205 1978 scholiastes
1221 1892 1321 1982 Syrna
1336 1909 1440 1976 notat,
1463 1883 1614 1988 scriptam
1632 1885 1695 1964 esse
1709 1893 1846 1964 Romam

116 2017 268 2082 ninom,
292 2021 358 2097 quo
374 1991 535 2068 vocabulo
549 2017 700 2089 graecam
717 1990 867 2089 linguam
883 1988 1070 2092 significari,
1085 1996 1308 2082 Rornaetunc
1323 2016 1354 2067 et
1373 1999 1406 2066 in
1421 1999 1514 2068 otnni
1529 1989 1599 2068 sere
1612 1997 1769 2068 Romano
1786 1998 1847 2068 im-

118 2111 216 2208 petio
239 2096 512 2200 vulgatissimam,
539 2095 690 2167 seirenes
702 2093 742 2166 ad
760 2097 962 2196 Eutycllium
979 2092 1163 2170 obseruauir
1176 2103 1249 2188 m).
1302 2101 1315 2168 l
1316 2103 1406 2198 gitur
1420 2123 1490 2170 non
1505 2103 1611 2194 magis
1626 2095 1691 2172 side
1705 2100 1845 2196 dignum
1962 2153 1965 2160 ,

118 2209 183 2296 esi,
207 2202 297 2307 quod
312 2201 487 2276 Cornelius
504 2227 523 2271 a
541 2193 682 2298 lapide,
712 2197 860 2270 Tertium
875 2204 934 2291 ⁸⁸),
959 2198 1050 2272 Pauli
1060 2197 1314 2296 amanuensem,
1340 2197 1726 2300 suspicetur‚'epislolarn
1749 2207 1846 2288 lianc,

116 2313 222 2392 latine
238 2301 375 2390 versam,
396 2298 516 2377 mistsl'e
536 2299 576 2373 ad
592 2305 784 2404 Romanor,
809 2325 908 2402 quant
929 2301 1020 2403 quod
1041 2333 1061 2376 a
1080 2307 1260 2403 Mcsrbiort
1280 2307 1449 2400 Inclrofcro
1469 2305 1525 2378 lib.
1538 2309 1580 2378 V.
1605 2305 1717 2380 hislor.
1738 2295 1846 2380 sacrae

115 2414 286 2526 latinitatis
301 2438 374 2510 cap.
392 2416 423 2488 6.
437 2403 594 2496 traditur,
620 2407 761 2478 Paulum
775 2407 875 2480 latine
887 2405 1052 2480 interdum
1066 2428 1098 2480 er
1112 2403 1308 2509 praedicasse
1322 2429 1353 2482 et
1370 2403 1534 2508 scripsisse.
1560 2409 1688 2496 Fabric.
1722 2403 1728 2408 ’

220 2571 393 2663 [Ceterum
407 2561 448 2636 de
463 2561 612 2659 oecrrjiunr
624 2561 717 2630 huius
738 2585 790 2660 ep.
804 2554 1058 2634 conscribendae
1076 2583 1193 2634 monet
1210 2561 1355 2654 tropatus
1368 2559 1526 2660 Prolegg.
1540 2589 1616 2661 pag.
1633 2565 1665 2636 5.
1692 2555 1845 2650 Paulum,

117 2670 349 2779 pcrslguilam
372 2685 403 2742 et
418 2661 618 2759 Priscillam,
642 2689 808 2737 unacum
832 2662 904 2735 aliis
919 2662 1065 2750 ludaeis,
1091 2665 1219 2744 Claudii
1245 2665 1356 2738 edicto
1382 2668 1493 2737 Roma
1515 2665 1646 2764 pullos,
1671 2662 1712 2738 de
1731 2663 1847 2737 condi·
1934 2666 1937 2676 '

118 2783 213 2850 tione
232 2771 395 2858 ecclefine,
416 2775 448 2841 in
470 2773 534 2842 hac
558 2767 635 2840 vrbe
655 2765 814 2853 florentie,
834 2771 1010 2840 certiorem
1032 2765 1214 2857 redditum,
1237 2767 1277 2838 ab
1293 2773 1394 2867 iisque
1409 2771 1578 2842 incitatam
1594 2754 1679 2854 elle,
1702 2788 1737 2842 vt
1752 2762 1847 2841 hasce

26 2898 33 2911 “
111 2875 337 2953 'conscriberet
356 2875 498 2959 litterar,
525 2872 640 2971 quibus
662 2870 864 2944 Christianos
882 2874 984 2946 Rom.
1005 2874 1155 2968 inprimis
1175 2899 1194 2944 a
1217 2867 1324 2944 sludio
1342 2873 1491 2946 rixamur
1513 2875 1847 2972 contemnamque,

118 2981 405 3085 epraeeonceptie
431 2974 645 3078 opinionibus
670 2979 853 3048 maximam
877 2993 1006 3076 partem
1023 2990 1118 3058 orto,
1150 2993 1313 3050 auocaret.

222 3112 550 3231 nsspssotapeilr
568 3127 828 3202 corcoriacum.
879 3108 1199 3203 DeCorintbiorum
1215 3116 1422 3205 ciuitc'ttevid.=
1435 3151 1519 3230 quae
1534 3141 1691 3202 notarunt
1705 3125 1846 3206 Miclm·
1886 3165 1892 3182 ·
1985 3176 1988 3189 .
2070 3210 2072 3220 Ι

118 3245 160 3318 dr
176 3243 307 3314 Einseit.
335 3238 397 3310 Tb.
412 3235 466 3307 ῙΙ.
484 3238 517 3333 d.
535 3259 600 3322 177·
624 3257 700 3333 pag.
716 3256 791 3305 1211.
827 3234 920 3304 Frid.
935 3231 1028 3329 Aug.
1048 3234 1139 3315 Gaii.
1155 3234 1276 3328 lsrnrfi
1295 3231 1384 3330 epill.
1404 3235 1426 3304 Ι.
1446 3230 1487 3303 ad
1508 3221 1845 3332 Corintltsperp'etua
1995 3248 1997 3257 '
2090 3217 2093 3226 ¹

118 3349 336 3419 annotatione
354 3339 510 3413 illnslrata
531 3331 698 3429 (francos.
717 3333 757 3407 ad
772 3337 939 3439 Moenum
956 3360 1044 3429 179²·
1060 3339 1113 3426 8.)
1132 3337 1285 3435 Prolcgg.
1307 3346 1382 3435 pag.
1399 3359 1429 3432 15
1445 3331 1512 3434 sqq.
1541 3335 1678 3408 Grbtius
1693 3335 1844 3433 Prolegg.

77 3525 82 3532 ,
119 3453 186 3546 [lo.
202 3450 284 3520 Em.
300 3449 432 3518 Immnn
450 3442 616 3518 Wnscsriut
636 3445 671 3511 in
687 3435 774 3539 disp.
797 3445 1014 3540 Antiquitatee
1037 3443 1282 3515 Corinthiacae.
1308 3442 1404 3512 lenae
1428 3443 1513 3528 176'1.
1536 3436 1582 3532 4.]
1609 3439 1675 3512 alii.
1707 3476 1765 3525 -7
1792 3440 1845 3510 De

118 3555 291 3628 conditione
307 3543 460 3625 ecclesiae
479 3573 510 3619 v.
526 3543 694 3618 Micstnelis
711 3543 735 3616 l.
753 3569 781 3614 c.
801 3545 833 3640 §.
848 3561 916 3633 178.
942 3543 1070 3639 Krense
1086 3542 1109 3616 l.
1124 3569 1154 3616 c.
1182 3535 1308 3616 Scbmid
1319 3545 1364 3616 H.
1379 3543 1417 3614 C.
1434 3566 1467 3640 p.
1482 3547 1548 3614 on.
1569 3541 1707 3615 Gotrsrb
1726 3535 1843 3634 Christ.

118 3661 238 3730 seorr:
272 3657 409 3726 notitiae
436 3648 607 3723 hissoricae
636 3645 797 3748 epislolat.
816 3647 907 3720 Pauli
936 3643 976 3719 ad
993 3649 1148 3720 Corinth.
1178 3646 1439 3747 interpretationi
1461 3639 1645 3721 seruienter.
1665 3643 1845 3740 Tubingae

115 3775 260 3849 {isim
288 3755 365 3831 coll.
382 3755 563 3834 Eirinon»,
589 3750 732 3850 Asigrm.
755 3751 933 3822 Bibliorsei
951 3753 1010 3824 der
1030 3751 1103 3822 bibl.
1122 3752 1265 3825 Literni.
1286 3751 1322 3825 B.
1338 3753 1377 3824 sl.
1399 3777 1431 3850 p.
1447 3769 1510 3842 739
1528 3743 1615 3848 sqq..
1640 3747 1705 3821 alii.
1757 3749 1847 3818 Stoa·

117 3871 191 3938 rias
206 3865 386 3944 nimirum,
412 3861 507 3930 cuiue
527 3854 662 3952 vesligia
681 3873 828 3926 accurate
848 3851 957 3954 pressit
969 3841 1143 3957 Krctfiur',
1164 3853 1388 3929 demonstrate
1405 3851 1546 3934 studuit,
1573 3849 1652 3924 duas
1667 3845 1762 3926 soille
1778 3851 1852 3921 Co.-

117 3971 221 4041 1inthi
242 3962 342 4040 seclae
365 3963 546 4062 principer,
572 3983 672 4029 nnana
692 3955 816 4055 legibue
831 3955 939 4031 Molis
958 3954 1146 4041 fauentem,
1173 3959 1308 4031 alteram
1325 3982 1378 4030 eas
1394 3953 1642 4054 repudiantem,
1669 3973 1845 4052 utramque

116 4098 233 4145 earum
254 4063 363 4142 rursus
377 4072 411 4136 in
423 4062 503 4136 duas
516 4055 656 4134 dinisam
669 4056 955 4151 fnisse'fndlionen3
977 4059 1176 4134 judaizantes
1191 4067 1371 4144 nimirum,
1396 4057 1622 4132 adodloribnt
1639 4053 1720 4145 suit,
1747 4061 1841 4144 Petri,

115 4176 252 4260 iacobi,
276 4195 309 4246 et
331 4166 494 4270 Apollinis
518 4161 702 4262 discipulis,
728 4159 793 4237 sele
813 4159 988 4264 adpellaffe
1005 4168 1167 4249 Patricos,
1191 4165 1242 4239 vel
1257 4165 1336 4240 Cleri
1363 4171 1462 4243 innoc,
1482 4165 1708 4236 cumlacobus
1724 4159 1844 4234 etri-issi

114 4276 221 4356 stater
239 4271 325 4349 esset.
374 4276 509 4345 Horum
531 4292 610 4342 nero
634 4266 870 4345 iudaizantiutn
896 4263 1098 4350 aduersarios
1118 4262 1184 4341 sese
1206 4264 1390 4342 nominasse
1411 4263 1586 4351 Petelinos,
1612 4266 1682 4349 vel,
1711 4267 1845 4361 Apollo·
1950 4327 1953 4336 ,

114 4387 201 4458 nior.
251 4383 364 4478 Ergo,
390 4401 494 4477 quum
509 4362 626 4445 P'anlur
642 4373 742 4444 tCor.
756 4375 787 4458 1,
801 4395 846 4446 12.
870 4368 1082 4472 loquaturde
1095 4376 1189 4446 variis
1205 4375 1460 4445 Corinthiorum
1479 4365 1592 4454 senis,
1616 4373 1734 4443 harum
1748 4363 1846 4454 ledia·

116 4513 196 4560 rum
218 4488 374 4568 nomina,
404 4507 474 4552 non
496 4469 591 4548 fuisse
613 4473 653 4546 ab
673 4471 835 4574 Aposlolo
858 4471 999 4548 nomina
1019 4468 1113 4561 ficta,
1146 4473 1188 4549 ad
1211 4473 1376 4549 vitandam
1398 4479 1584 4574 grauiorem
1608 4471 1844 4560 ellendonam,

116 4586 175 4678 sed
196 4583 292 4660 luisse
313 4589 453 4659 nomina
472 4579 528 4652 illa
554 4605 632 4652 vere
645 4579 798 4668 Corinthi
815 4573 952 4665 nstrata,
977 4605 1095 4678 neque·
1107 4580 1233 4652 obssare
1253 4583 1331 4652 huic
1344 4581 1496 4679 opinioni
1514 4574 1596 4650 illud
1614 4569 1844 4681 pergameni·

116 4724 205 4776 rena
218 4695 277 4780 lV,
295 4693 327 4762 6.
352 4687 417 4762 rid.
429 4691 536 4758 Stare:
551 4681 573 4755 l.
590 4709 616 4754 c.
639 4682 671 4776 §.
687 4703 715 4769 3.
733 4706 808 4782 pag.
827 4677 910 4783 bsq.
944 4678 1070 4788 Krousa
1087 4709 1165 4784 pag.
1184 4698 1224 4770 38
1232 4677 1284 4786 sq.
1312 4685 1436 4756 Scbrnr'd
1451 4683 1496 4752 H.
1514 4683 1555 4753 C.
1575 4709 1649 4784 pag.
1662 4688 1738 4774 614.
1791 4680 1842 4752 Ab

220 4850 223 4856 .
1254 4855 1257 4864 ,
1529 4803 1533 4813 “
1573 4817 1598 4836 ·
1779 4787 1859 4854 hac'
1961 4831 1970 4868 r

158 4922 235 4986 mm)
267 4908 346 4974 aad.
359 4903 497 4972 Grotius'
512 4917 544 4967 et
563 4901 666 4969 Casan.
690 4905 723 4964 in
744 4899 880 4988 Pthm·
901 4921 964 4968 nee·
1052 4903 1110 4982 nn)
1131 4907 1178 4969 De
1199 4925 1236 4966 eo
1257 4903 1340 4984 vide,
1361 4900 1438 4986 quite
1458 4905 1575 4973 notauit
1590 4903 1752 4974 Michaelis
1768 4901 1854 4978 Eiet

114 4991 181 5066 n'on
200 4997 613 5088 Wetjienton.11.prg.re.
633 4989 728 5074 Kain-
888 5048 891 5054 .
936 5067 940 5073 ·
1007 4987 1367 5078 renominarunt).
1384 5007 1463 5067 ¹25³·
1484 4989 1578 5064 Keria.
