4550 5717
404 287 512 439 'noy
605 333 766 416 tuJV.
781 361 808 411 ι.
822 323 917 414 Vra·
1101 335 1233 412 rnvrr
1265 323 1517 412 rrurotaa

1408 485 1417 492 .
1919 441 1942 490 e

437 537 503 612 hae
521 525 677 634 sententia
697 523 1013 612 discedit'Mieheelir
1025 528 1155 606 Einleit.
1169 555 1245 632 pag.
1255 533 1345 606 tato.
1375 528 1567 606 exillimanr-
1584 531 1724 604 uomina
1741 525 1798 604 illa
1812 519 1874 606 else
1887 531 2021 622 litslitia,
2049 553 2081 606 et
2095 536 2155 612 Co·

252 697 257 710 .
302 661 306 665 ·
439 641 635 714 r'mthiacarn
650 637 730 711 eccl.
743 630 808 710 esse
824 641 1008 710 maximam
1020 657 1154 736 partem
1171 661 1270 710 onam
1286 657 1415 735 egente
1432 633 1627 708 ludaeorum
1641 690 1652 722 ,
1679 637 1767 706 Pauli
1783 631 2022 726 aduersarium,
2048 633 2157 740 sequa.

293 810 297 821 .
440 765 520 820 tam.
545 783 597 800 -
623 745 724 816 Notat
746 762 849 840 porro
864 745 1034 830 Storrier,
1059 743 1207 814 Petrinus
1225 761 1257 812 er
1274 742 1381 814 lacobi
1402 735 1573 813 seslatores
1593 739 1790 842 plerumque
1810 745 1894 813 inter
1916 737 1948 816 se
1959 737 2156 831 consentisse,

441 870 477 922 vt
498 865 532 922 et
556 843 709 919 Paulinot
730 867 763 919 ct
785 844 997 946 Apollonios.
1049 846 1178 930 Docet,
1206 845 1451 916 auti-Paulinot
1475 839 1605 942 negasse
1625 870 1722 920 more
1746 841 2012 920 Sadducaeorum
2032 841 2161 920 resurre-

230 992 242 1004 =-
355 1033 360 1038 ,
442 954 589 1028 Aionnn
610 969 841 1028 mortuorum,
868 943 991 1021 curasse
1014 951 1383 1048 inprimisvornameura
1403 965 1553 1036 externa,
1579 942 1753 1020 conllitisse
1775 946 1914 1048 denique
1936 953 2023 1022 hane
2044 947 2159 1024 leolam

444 1081 487 1131 err
506 1055 768 1155 opulentioribus
783 1052 982 1125 Christianis.
1034 1055 1217 1126 Seslatorer
1235 1051 1324 1124 Pauli
1339 1075 1369 1124 et
1386 1049 1561 1154 Apollinis,
1587 1053 1803 1152 (Apollonios
1818 1059 1873 1153 qui
1892 1049 1923 1124 se
1937 1055 2158 1142 nominabant,

375 1153 393 1168 '¹
443 1159 476 1233 id
491 1155 654 1233 sarciebant
666 1178 859 1260 propterea,
884 1155 975 1255 quod
994 1154 1121 1256 Apollo
1134 1151 1210 1229 esset
1228 1153 1330 1229 Paulo
1344 1153 1522 1259 disertior)
1548 1152 1689 1228 reiecisse
1709 1162 1843 1244 onmia,
1869 1183 1952 1257 quae
1968 1157 2159 1232 ludaeorum

347 1309 351 1320 ι
443 1263 619 1366 opiniones
641 1282 674 1334 et
695 1268 773 1332 ritus
795 1257 999 1356 redolerent,
1018 1283 1117 1360 arque
1144 1265 1186 1332 ira
1206 1263 1313 1332 nimio
1335 1265 1476 1334 veritatis
1499 1255 1623 1344 studio,
1647 1281 1679 1332 et
1700 1256 1835 1336 feruore
1853 1263 1997 1362 partium
2020 1265 2159 1336 Paulina·

377 1382 381 1388 ‘
443 1394 519 1442 rum
540 1363 726 1440 immodico
749 1363 920 1462 abreptos,
953 1362 1099 1438 mediam
1121 1367 1209 1436 riam
1234 1358 1416 1464 reliquisse,
1449 1383 1481 1438 et
1502 1367 1537 1436 in
1558 1389 1685 1437 errores
1706 1369 1814 1438 varior
1837 1360 2031 1439 incurrisse..
2064 1363 2161 1440 Fuisse

401 1456 406 1485 ⁸
444 1467 615 1548 seciatoret
632 1468 721 1542 Pauli
740 1473 925 1540 maximam
949 1489 1075 1566 partem
1097 1470 1251 1540 homines
1268 1493 1446 1570 pauperes,
1474 1471 1739 1543 numeroram‘en
1754 1464 1913 1570 superasse
1924 1464 2071 1543 faetores
2090 1477 2164 1544 l’etri

444 1600 477 1650 ct
494 1577 623 1660 lacohi,
649 1577 715 1646 hoc
736 1570 787 1644 rel
811 1575 931 1645 exinde
950 1597 1132 1672 apparere„
1152 1571 1240 1672 quod
1259 1575 1366 1644 homo
1387 1570 1461 1656 ille,
1488 1577 1542 1672 qui
1558 1597 1735 1654 nouercam
1752 1579 1786 1646 in
1802 1578 2056 1652 matrimonium
2075 1573 2163 1646 duxe-

445 1702 513 1764 rat,
539 1685 611 1780 (qui
633 1674 837 1750 hauddubie
859 1703 898 1750 ex
920 1675 1231 1749 anri-Paulinorum
1253 1701 1395 1748 numero
1417 1679 1499 1766 erat)
1519 1701 1576 1774 ptr
1591 1677 1830 1775 plurimarvota
1847 1700 1944 1751 coetu
1961 1673 2164 1777 exclususstt.

443 1789 546 1858 Hunc
565 1787 724 1856 nimirum
740 1786 912 1855 hominem
928 1782 1094 1852 Michaelis
1109 1780 1245 1850 Einlait.
1269 1780 1331 1853 -Th
1349 1782 1402 1850 ΙΙ.
1426 1808 1458 1878 p.
1477 1804 1555 1852 1220
1571 1775 1614 1880 sq.
1635 1799 1668 1852 et
1684 1783 1886 1880 Storr§.'12.
1907 1803 2162 1882 p.9r.not.173.

444 1889 629 1964 existimant
651 1881 747 1960 fuisse
768 1883 1012 1985 ert-gentilem,
1037 1879 1079 1956 ad
1102 1868 1300 1982 religionem
1324 1882 1488 1956 ludaicam
1515 1879 1765 1984 transgressum,
1790 1905 1822 1958 et
1840 1885 1915 1960 inde
1934 1883 2061 1962 tanum
2078 1891 2164 1960 Chri·

445 1991 607 2077 llianum3
634 1987 759 2062 iudaica
781 1992 871 2061 enirn
894 1988 1056 2088 opinione
1076 1987 1238 2062 eiusrrrodi
1262 1981 1364 2062 scelue
1385 1987 1535 2064 adiuuari
1558 2008 1590 2059 et
1612 1981 1744 2060 defendi
1768 1993 1910 2080 omuino
1931 1985 2092 2090 potuisse3
2116 1987 2163 2063 led

445 2101 513 2170 hoc
526 2115 624 2193 negat
632 2094 757 2164 Schmid
769 2095 863 2164 stc.
881 2117 956 2191 pag.
971 2097 1031 2165 on
1047 2085 1093 2192 sq.
1119 2093 1274 2192 Kraeestt'tr
1290 2116 1368 2166 vero
1382 2090 1421 2163 ad
1439 2095 1479 2178 V,
1495 2109 1643 2189 nnegat,
1659 2093 1834 2166 hominem
1849 2119 1926 2166 cum
1943 2113 2093 2192 nouerca
2105 2123 2165 2166 ma·

362 2269 366 2286 ,
445 2205 643 2274 trimonium
668 2191 788 2282 iniisse,
811 2191 865 2268 sed
885 2216 1013 2268 taurum
1036 2219 1110 2266 eam
1125 2191 1289 2292 lltrpralse.
1316 2235 1367 2252 —-
1393 2196 1446 2266 De
1463 2194 1531 2266 aliie
1550 2199 1643 2286 vitiis,
1657 2197 1774 2292 quibua
1792 2215 1869 2294 tunc
1884 2202 2047 2296 temporis
2066 2197 2163 2272 indul·

354 2391 358 2399 1
444 2307 564 2404 gabant
580 2301 744 2375 Corinthii
757 2289 821 2370 hid.
836 2301 933 2400 Seorr
943 2299 966 2380 l.
982 2327 1009 2372 n
1037 2299 1204 2371 Michaesir
1217 2325 1290 2398 pag.
1308 2323 1375 2374 rear
1393 2295 1437 2400 sq.
1462 2297 1586 2394 Kraesr
1601 2324 1676 2398 pag.
1691 2305 1740 2390 65.
1767 2301 1894 2372 Schmid
1904 2330 1936 2402 p.
1950 2309 2007 2374 611
2023 2298 2095 2402 sqq.
2119 2339 2164 2358 --

443 2407 643 2500 Oerahoeete
665 2407 752 2477 hana
778 2401 950 2502 epillolam
982 2395 1206 2475 conscribendi
1236 2409 1424 2502 proximam
1457 2397 1590 2476 dederar
1615 2404 1718 2477 Paulo
1738 2403 1874 2502 epislola
1900 2408 2163 2482 Corinthiorum.

442 2516 577 2586 Etenim
596 2502 761 2606 scripserat
777 2505 953 2607 Apostolus
967 2509 1147 2579 Corinthiis
1160 2505 1351 2603 epillolam,
1377 2533 1466 2580 nunc
1480 2503 1613 2608 quidem
1628 2505 1830 2608 deperditam
1847 2505 1910 2596 ”),
1936 2533 2039 2610 quam
2060 2515 2164 2582 mium

234 2675 244 2690 .
328 2691 332 2700 ,
443 2611 532 2690 reihe
554 2611 801 2688 intellexerant,
824 2635 926 2710 quare
945 2611 1030 2682 hanc
1051 2604 1225 2709 ipsamob
1244 2606 1406 2694 intissam,
1433 2629 1468 2681 tt
1489 2609 1602 2710 Apoll.
1625 2634 1771 2686 mentem
1797 2607 1889 2686 suam
1913 2617 2096 2685 accuratius
2117 2637 2165 2683 ex·

441 2738 599 2822 poneret,
625 2720 830 2815 omninoque
845 2709 1048 2815 quaestiones
1063 2711 1239 2788 nonnullas
1252 2713 1342 2797 alias,
1366 2717 1449 2786 inter
1467 2709 1552 2810 ipsos
1568 2737 1710 2802 exortas,
1728 2711 1879 2804 solueret,
1906 2742 1982 2788 cum
1999 2715 2115 2788 litteris
2127 2713 2163 2788 ad

442 2847 523 2898 eum
552 2813 711 2896 miserunt
733 2819 943 2911 Stephanum,
975 2817 1210 2902 Fortunatam,
1243 2835 1274 2890 et
1299 2817 1469 2890 Achaicam
1492 2815 1803 2920 reor.xv1‚,sq.
1830 2819 1891 2892 vicl.
1909 2821 2080 2893 Michaelis
2098 2817 2119 2894 l.
2141 2845 2165 2896 c.

444 2951 521 3027 pag.
535 2947 625 3012 1²30·
656 2918 782 3018 Kranse
800 2945 875 3021 pag.
889 2942 926 3010 33
942 2913 987 3018 sq.
1012 2917 1054 2992 ad
1075 2919 1162 2992 hanc
1186 2945 1267 3020 ergo
1287 2923 1492 2996 Corintlrior.
1515 2921 1603 3020 epill.
1629 2923 1744 2996 Paaluc
1765 2917 1923 3024 rescripsit
1943 2949 2039 3022 eam,
2071 2949 2165 3024 quam

444 3058 508 3104 nor
531 3025 666 3130 quidem
689 3031 864 3100 nominare
884 3019 1028 3096 solemur
1051 3028 1216 3120 primam,
1242 3045 1275 3098 et
1290 3027 1332 3110 V,
1349 3051 1387 3100 rr.
1413 3017 1519 3126 innuit
1541 3023 1715 3126 epistolam
1736 3027 1846 3112 illam,
1872 3049 1971 3130 quam
1988 3049 2086 3100 antea
2099 3024 2166 3100 scri-

132 3204 135 3213 ,
444 3128 574 3237 pserat3
594 3131 699 3211 verbis
718 3155 795 3202 nem
861 3129 965 3221 ἓντῇ
983 3129 1138 3222 introiri·
1193 3131 1275 3202 Sunt
1299 3128 1452 3228 qrhdem,
1474 3133 1530 3230 qni
1554 3133 1632 3204 haec
1654 3131 1750 3206 verba
1771 3131 1986 3232 intelligenda
2002 3129 2165 3233 elseprae·
2244 3147 2245 3180 ἐ

257 3249 270 3256 “
400 3241 569 3335 ‘cipiant
594 3231 637 3308 de
666 3236 766 3308 haci
806 3229 953 3305 aaossra
973 3258 1024 3331 ep.
1046 3237 1170 3330 prima,
1204 3253 1239 3306 vt
1257 3233 1414 3328 Stosrhier
1438 3238 1472 3304 in
1495 3227 1565 3328 diss.
1586 3233 1624 3306 de
1644 3261 1711 3332 epp.
1729 3235 1911 3330 Apostolor.
1925 3260 1987 3307 non
2003 3239 2167 3329 deperditis
2244 3193 2245 3285 l

447 3363 524 3440 pag.
541 3361 579 3430 75
592 3332 660 3439 sqq.
680 3357 713 3410 et
728 3257 793 3437 ipse
808 3337 980 3408 Fahrieieer
990 3333 1122 3420 noller,
1147 3333 1237 3408 cuius
1260 3336 1355 3410 verba
1375 3334 1602 3436 adponamue:
1627 3341 1750 3422 ,verba
1767 3365 1782 3412 ι
1798 3339 1880 3413 Cor.
1895 3341 1938 3426 V,
1954 3365 1987 3434 9.
2012 3337 2166 3440 ἔγραψα

448 3440 547 3544 „ripn
570 3447 603 3520 iv
625 3440 670 3534 τῇ
689 3441 852 3534 surrexi,
883 3435 1048 3513 reddenda
1080 3435 1164 3514 esse:
1195 3441 1313 3539 scripfi
1334 3444 1422 3514 vohis
1441 3446 1476 3514 ier
1495 3444 1552 3513 hac
1575 3441 1720 3538 epistola,
1751 3469 1857 3544 neque
1879 3441 1977 3516 aliam
2003 3442 2167 3544 quandam

446 3543 668 3648 ,epistolam
693 3569 792 3644 quam
813 3563 888 3616 ante
911 3549 1056 3643 priorem
1078 3539 1118 3616 nd
1141 3545 1334 3620 Corinthiae
1354 3545 1471 3620 Paulus
1493 3539 1666 3644 scripserit,
1700 3542 1753 3620 sed
1775 3551 1859 3620 hanc
1880 3543 1985 3645 ipsam
2012 3543 2168 3646 respicere

447 3645 602 3738 „ohardi
616 3655 649 3720 in
664 3645 738 3722 cod.
752 3653 959 3746 Apocrypho
973 3649 1076 3729 N.‚'l'.
1091 3674 1167 3747 pag.
1185 3674 1262 3743 919.
1314 3643 1447 3721 Possunt
1461 3651 1558 3722 etiam
1572 3651 1668 3733 uerba
1679 3649 1834 3754 ἔγραψα
1847 3649 1919 3750 ὑμῖν
1935 3647 2050 3736 reddi,
2066 3653 2170 3749 scribe

448 3755 573 3842 ,aohin
625 3755 678 3824 Sic
699 3756 735 3824 ia
758 3777 809 3850 ep.
827 3749 968 3851 Philippi
982 3749 1023 3824 ad
1043 3746 1252 3826 Athenienses
1268 3775 1320 3851 ap.
1333 3749 1548 3828 Demoslhen.
1564 3757 1655 3828 Orat.
1670 3753 1712 3828 de
1723 3757 1865 3828 corona:
1892 3756 2075 3856 γέγραφα
2091 3755 2169 3856 ὑμῖν,

447 3857 530 3946 „iia
551 3847 733 3955 μῆπλᾶον
749 3861 781 3934 iv
832 3855 928 3934 λᾶτε
945 3853 1023 3956 areph
1043 3843 1280 3954 τέτωγβνίὑο
1294 3859 1396 3943 uobis,
1416 3881 1450 3928 ne
1464 3857 1647 3948 ampliasse
1661 3862 1711 3929 his
1728 3860 1891 3934 laboretis.
1906 3848 2073 3960 ‘Epistola
2088 3861 2169 3934 vttt.

445 3985 609 4046 ,earumr
643 3985 727 4059 quae
747 3961 815 4032 Pha
827 3953 908 4057 aridi
930 3961 1135 4034 tribuuntur:
1168 3954 1345 4063 rheoehe‘
1360 3993 1412 4038 eae
1433 3951 1605 4057 corripere
1616 3947 1803 4056 serretellae
1824 3965 1884 4036 tihi
1897 3963 2049 4062 scribo
2075 3961 2172 4063 Qtod

447 4087 554 4151 ,vero
574 4060 703 4138 nullam
721 4060 895 4166 epillolarn
914 4061 956 4136 acl
977 4065 1171 4140 Corinthiae
1194 4062 1310 4138 Paulus
1329 4084 1404 4140 ante
1424 4067 1509 4138 hanc
1529 4060 1673 4156 miserit,
1704 4063 1846 4142 declarat
1866 4071 1966 4142 etiam
1983 4064 2122 4168 ,lignum
2144 4089 2173 4140 et
2236 4114 2238 4122 ι

546 4211 550 4218 -
674 4198 684 4209 „
1074 4203 1078 4208 ·
2065 4191 2168 4258 „nota

489 4351 545 4432 oo)
563 4347 723 4438 Whisloeii
734 4349 858 4436 quidem
870 4353 1024 4417 eiusmodi
1039 4348 1192 4440 epiholare
1206 4355 1281 4415 Paa-
1331 4351 1529 4416 vincuntur
1547 4349 1651 4424 senex,
1675 4351 1871 4437 Crepereius
1887 4357 1918 4418 in
1933 4356 2029 4439 praef.
2045 4359 2084 4421 ad
2101 4357 2168 4422 edit
2241 4345 2242 4376 ³

449 4434 531 4502 lied
550 4441 741 4519 corinthiae,
777 4443 926 4502 armenica
946 4443 1049 4521 lingna
1072 4437 1281 4525 conscriptam,
1331 4459 1449 4502 earnm:
1477 4439 1630 4522 Epistulae
1649 4437 1730 4504 deae
1749 4440 1964 4524 apocryphae,
1985 4445 2094 4508 attera
2115 4443 2168 4506 Co·
2241 4435 2242 4512 l

421 4545 510 4593 ‚vna
542 4545 609 4586 cum
630 4522 718 4588 Mofie
745 4525 942 4589 Chorenenhe
968 4528 1090 4590 historia
1117 4529 1281 4600 entrenira,
1330 4525 1520 4589 rinthiorem
1551 4523 1596 4590 od
1623 4526 1774 4616 Poellenr
1782 4525 1910 4625 Αριζίῖ.γ
1939 4531 2052 4594 ahere
2072 4529 2167 4595 Puesli
2241 4515 2242 4602 l

327 4679 343 4704 ἱ
394 4623 396 4628 “
448 4612 612 4676 ediderunt
636 4611 731 4674 Lenh.
749 4619 826 4689 1736.
839 4635 869 4689 4.
886 4633 978 4696 quera
992 4629 1078 4699 peter
1092 4609 1282 4692 Whlslaeier
1331 4609 1493 4696 Apoll-erl
1506 4609 1683 4676 Corinthios
1697 4631 1776 4697 qnae
1789 4613 1906 4678 dicerer
1919 4613 2040 4700 perirffe
2054 4635 2094 4679 ex
2108 4614 2166 4678 cah
2241 4605 2242 4659 l

446 4719 505 4784 pro
524 4699 655 4777 genuine
676 4697 862 4768 nenrlitauitr
883 4719 948 4762 earn
969 4721 1044 4780 nero
1064 4697 1279 4784 supposititiam
1330 4695 1401 4762 MS.
1421 4699 1583 4762 Armenico
1604 4719 1683 4762 nune
1699 4699 1837 4782 prienen
1863 4701 1966 4768 editae
1980 4703 2167 4786 Jiparotin.

448 4783 519 4860 eisc,
534 4787 615 4847 recle
628 4783 1024 4850 demonhmruntMorhenr.
1041 4791 1073 4848 in
1088 4781 1223 4864 Prolegg.
1240 4783 1278 4846 ad
1331 4783 1505 4868 Graeceque
1519 4783 1676 4849 etLatier
1689 4781 1814 4872 thersae,
1834 4793 1865 4849 eh
1883 4787 2004 4852 arreins
2029 4788 2109 4858 Geis.
2123 4794 2165 4848 eh·
2240 4803 2241 4860 ,

445 4873 478 4937 lt.
499 4873 582 4958 epist.
603 4872 732 4934 nostram
753 4886 783 4934 et
805 4873 842 4934 arl
861 4877 898 4949 tt,
916 4889 946 4947 9.
969 4891 1099 4936 necnon
1116 4869 1279 4936 Michaelis
1328 4889 1388 4955 que
1403 4871 1474 4934 Geo.
1492 4867 1729 4957 Wltistonr'ortenr
1746 4871 1851 4946 Notis,
1868 4869 2013 4957 Prodat.
2031 4873 2164 4938 etenim·
2240 4861 2241 4944 l

322 4985 334 5000 “
445 4957 608 5024 ΕἰηΙίΤΙι.
623 4961 660 5021 11.
675 4956 701 5041 A
719 4977 783 5037 ¹7⁹·
799 4981 828 5043 p.
847 4977 926 5030 1230.
945 4959 1038 5026 Kein.
1065 4957 1121 5022 Sed
1138 4963 1276 5020 amnium
1328 4953 1555 5040 edensroniber
1588 4957 1695 5020 arthiae
1729 4975 1749 5044 o
1779 4959 1845 5024 Iao.
1869 4957 1982 5024 Beneh.
2014 4959 2162 5045 caryae.
2240 4975 2241 4996 ¹

443 5046 634 5134 eopiohtiiare
653 5045 807 5112 atharim
826 5047 941 5112 aarum,
953 5065 1021 5134 epp.
1042 5041 1210 5132 persecutae
1236 5043 1277 5109 ell
1328 5042 1428 5108 Editio
1443 5039 1536 5110 electe
1555 5045 1681 5110 enulae.
1704 5040 1923 5132 uphir-1764.
1945 5045 2039 5118 Beth.
