4550 5717
782 332 1194 471 racoaurnoaa
1239 324 1291 441 ἶ.
1375 306 1681 444 astruatur.
1736 372 1878 475 ..aab
1983 310 2007 389 Γ
2086 396 2092 417 .

119 552 211 630 Elei.
232 498 307 655 pag.
318 540 404 643 1413.
425 530 544 653 etpag.
561 547 767 644 xqaqslrane
789 544 896 651 ipsunt
916 542 996 621 facit
1012 574 1072 651 ep.
1096 544 1226 623 nollrae
1244 551 1426 627 arciorem
1478 550 1649 628 Relu'tauit
1670 556 1753 627 baoe
1775 546 1841 625 s'eo-

118 663 254 733 tentiam
269 658 432 731 Gallorur
449 680 523 755 pag
534 680 573 744 -η
590 650 657 755 sqq.
684 654 741 727 alii
762 678 843 775 verq
863 660 896 747 a)
913 654 1084 725 Herdrrac
1106 657 1288 736 nimirum,
1315 674 1348 729 et
1365 662 1423 831 qtii
1445 670 1525 783 euro
1546 654 1741 762 sequuntur,
1769 658 1844 729 Nie·
1955 672 1959 682 '

115 786 260 861 meyerus
287 758 535 853 Claraltersstsi
561 759 621 831 Tr.
638 760 668 831 t.
696 784 774 860 pag.
791 750 929 857 517sqq.
962 764 1059 856 atque
1081 756 1207 831 Porro
1225 782 1302 857 pag.
1320 786 1354 835 sa
1382 786 1416 857 q.
1441 786 1640 861 opinantur,
1673 766 1842 845 iacobum,

114 870 321 965 cognomine
335 844 468 953 debeo,
485 856 578 935 fuille
592 861 699 936 lilium
717 858 887 962 lolepbiet
904 862 1044 945 Mariae,
1069 854 1273 961 fratremque
1288 862 1409 935 Cbrilli
1424 890 1634 964 germanum.
1661 908 1712 921 -
1737 870 1842 965 Qrae·
1915 866 1942 879 “
1991 929 1999 937 .
2032 842 2058 863 “

114 974 197 1045 situs
218 995 301 1067 ergo
323 994 428 1055 nune,
456 972 584 1066 qtrircara
606 992 648 1040 ex
671 966 726 1039 bis'
739 966 862 1039 lacobis
884 968 967 1039 lianc
984 961 1143 1057 epistolam
1161 966 1405 1062 conscripserit?
1456 964 1561 1071 igitur
1575 972 1631 1044 alii
1648 973 1842 1041 arbitrantur
1915 1040 1918 1043 ,
1947 1013 1960 1023 -

115 1076 279 1159 Iacobum,
294 1074 449 1145 Zebedaei
466 1072 585 1158 lilium,
607 1070 777 1157 aridiorem
793 1094 844 1169 ep.
860 1064 933 1143 elle.
970 1064 1193 1167 Argumenta,
1217 1094 1301 1170 quae
1321 1069 1363 1144 ad
1378 1076 1465 1148 hauc
1477 1072 1841 1149 sententiamllabilien·

114 1175 194 1251 dana
217 1172 449 1276 proferuntur,
472 1170 609 1273 collegit
628 1176 792 1247 Michaelis
811 1172 945 1245 Etaieis.
968 1172 1029 1243 Ta.
1046 1174 1098 1245 ΙΙ.
1119 1198 1196 1273 pag.
1214 1188 1285 1263 ¹4¹8
1300 1169 1369 1277 sqq.
1395 1174 1470 1249 add.
1486 1181 1609 1252 Galles
1626 1204 1703 1280 pag.
1719 1204 1760 1274 29
1775 1172 1842 1279 sqq.
1901 1266 1905 1269 ᾖ

113 1284 336 1356 recentiorum
357 1282 494 1381 plurimi
520 1283 606 1351 hane
627 1280 823 1375 opinionem
844 1272 1038 1375 repudiant,
1063 1282 1207 1377 permoti
1222 1281 1372 1375 inprimis
1386 1286 1580 1359 auctoritate
1595 1306 1743 1356 ueterum
1760 1287 1841 1355 eccl.
1973 1303 1980 1319 ·

111 1382 305 1472 detiorum,
331 1388 387 1484 qui
402 1386 527 1471 Iacobo,
542 1378 682 1477 Alpltaei
690 1378 779 1473 lilio,
802 1376 976 1479 eidemque
990 1378 1153 1477 apostola,
1167 1378 1341 1483 epillolam
1356 1382 1534 1473 vindicarit,
1559 1390 1720 1459 nimirum
1736 1390 1842 1480 Chry.-

110 1483 298 1576 sodoma„
335 1482 506 1575 Eusebius,
543 1486 767 1586 Epiphanius,
803 1482 950 1577 Cyrillus
978 1477 1326 1577 Hierosolymitaous‚
1358 1488 1612 1580 Hieronymus,
1638 1494 1842 1588 Ephsaemur
1969 1548 1975 1557 .

111 1596 234 1686 Syrus,
260 1591 335 1680 alii,
360 1604 445 1693 quor
467 1586 644 1664 laudarunt
659 1586 787 1662 Ssbmid
803 1590 850 1663 H.
862 1592 903 1663 C.
923 1606 956 1661 et
973 1588 1085 1661 Portus
1106 1590 1129 1663 l.
1147 1616 1181 1661 cs
1195 1588 1342 1663 eiusdem
1361 1598 1459 1667 etiam
1484 1590 1557 1667 lunt
1581 1591 1754 1667 sententiae
1782 1591 1839 1666 Ca·
1954 1604 1959 1617 “

110 1694 238 1778 louiuc,
264 1697 455 1779 Scbraiciircs,
481 1688 697 1791 Peacsorritrc,
720 1690 896 1774 Getam,
922 1689 977 1765 alii
989 1692 1097 1789 stupra
1116 1687 1255 1768 laudati.
1303 1692 1366 1767 Sed
1380 1700 1540 1784 latorem,
1557 1698 1677 1794 Christi
1682 1701 1842 1795 fratrem,

110 1796 281 1875 diuersum
298 1801 338 1872 ab
352 1796 677 1901 utroqueapollolo‚
703 1798 863 1877 Grotius,
889 1796 1052 1868 Ricarduc
1067 1802 1225 1885 Simonias,
1246 1798 1429 1882 Herdcrun
1457 1804 1677 1901 Minnagara,
1705 1804 1842 1888 Portas,

112 1910 286 1981 auctorem
308 1904 489 1975 litterarum
503 1896 701 2001 aguol'eunt.
722 1940 778 1959 -·
802 1900 952 1973 Multum
975 1904 1080 1973 etiarn
1096 1894 1296 2002 disputatum
1317 1902 1380 1985 ett,
1406 1911 1592 2001 quibusnam
1611 1910 1691 1978 haec
1707 1905 1840 2003 epistola
1900 1982 1903 1989 ,

112 2004 234 2107 scripta
247 2006 286 2083 lit
294 2012 317 2097 i„
341 2007 406 2081 Alii
421 2007 624 2093 existimant,
650 2004 793 2090 Iudaeis,
804 2008 943 2076 raudera
956 2004 1127 2105 recursis,
1154 2024 1247 2079 extra
1263 2007 1473 2081 Palaestinam
1488 2006 1651 2109 dispersu:
1677 2007 1720 2081 lic
1738 2014 1842 2082 lard-

103 2138 230 2199 rrerus,
252 2110 426 2209 supplem.
443 2116 534 2211 chap.
551 2136 594 2201 ¹7·
611 2110 643 2207 §.
657 2130 689 2199 3.
711 2094 803 2183 corii.
819 2110 987 2181 Mirbaclir
1004 2108 1135 2182 Eialeit.
1150 2134 1225 2211 pag.
1242 2106 1402 2209 143osqq.
1422 2114 1455 2213 q
1470 2138 1556 2205 aqi..
1571 2116 1692 2186 Porrus
1706 2108 1781 2213 pag.
1793 2140 1839 2204 33.

110 2220 168 2293 elii
189 2218 272 2294 Cbri
299 2220 393 2303 ionis,
413 2229 504 2287 satta
519 2217 666 2297 ludaris,
688 2210 755 2285 aid.
768 2214 940 2285 Bromius
951 2213 1064 2286 &tect
1080 2215 1168 2289 Sars.
1186 2214 1242 2287 lib.
1255 2214 1364 2315 [cap.
1379 2240 1425 2291 ra.
1453 2244 1552 2317 quem
1567 2216 1712 2293 laudauit
1726 2221 1842 2291 Fabri·
1869 2217 1880 2233 ⁸

110 2326 198 2405 eius,
225 2316 302 2395 add.i
318 2320 400 2391 Pott
414 2320 568 2417 Prolegg.
582 2342 661 2418 pag.
674 2322 730 2407 34.
756 2340 840 2413 quae
854 2314 1014 2389 sententia
1038 2314 1126 2389 haud
1150 2316 1247 2389 dubie
1265 2316 1425 2393 rerissima
1447 2320 1502 2395 eli.
1554 2320 1731 2419 Norffirltccr
1748 2348 1840 2408 aero,

37 2508 44 2519 .
112 2431 147 2500 in
163 2420 247 2499 Diti.
264 2423 475 2501 caracara
486 2424 533 2499 od
549 2420 710 2516 historiam
724 2418 840 2494 catat
855 2424 962 2491 iacobi
977 2419 1138 2517 epistolae,
1165 2416 1287 2523 Opulc.
1306 2443 1389 2499 torar.
1406 2427 1447 2495 ll.
1465 2450 1539 2525 pag.
1554 2448 1619 2519 299
1637 2420 1704 2527 sqq.
1732 2434 1839 2499 minus

110 2528 343 2634 probabiliter,
362 2542 406 2601 ‘at
424 2523 570 2613 uidetur,
594 2524 838 2599 camaracam
857 2516 1012 2627 eccleisa·
1027 2550 1151 2627 nempe
1172 2529 1416 2615 Antiochenam
1438 2530 1534 2603 Beze
1554 2550 1663 2603 autem
1685 2536 1718 2602 in
1740 2538 1839 2631 expo·

108 2634 233 2709 ditione
251 2627 350 2729 super
368 2630 459 2733 epist.
474 2632 584 2703 iacobi
601 2626 642 2701 'ud
658 2632 684 2714 1,
699 2654 722 2703 ι.
743 2628 858 2729 (Opp.
872 2647 962 2703 tom.
980 2634 1019 2702 V.
1030 2654 1105 2731 pag.
1122 2634 1196 2722 673.
1212 2629 1287 2703 edit.
1303 2633 1444 2725 Colon.)
1469 2630 1678 2726 Christianis,
1702 2639 1758 2728 qrei
1768 2632 1839 2727 post

105 2763 215 2812 *accere
228 2734 401 2829 Stephani,
427 2736 543 2807 caliidis
557 2732 801 2831 Hierosolymis,
825 2736 911 2803 irater
923 2744 1036 2828 grates
1050 2732 1182 2837 dispcrsi
1198 2748 1307 2814 aaut,
1332 2732 1522 2807 delliaatam
1543 2732 1656 2824 inille,
1684 2739 1839 2811 arbitrata·
1975 2744 1980 2760 '

104 2862 177 2918 eur.
204 2878 257 2897 -·
283 2839 432 2921 Aenum,
458 2864 526 2937 quo
545 2828 663 2933 scripta
675 2837 722 2907 eli
736 2830 895 2934 epistola.
922 2836 1080 2934 plerique,
1101 2858 1135 2908 ut
1151 2836 1322 2918 Fabricius
1335 2836 1457 2925 noller,
1481 2841 1760 2941 LardrrrrSuppl.
1775 2842 1798 2916 l.
1813 2867 1840 2914 c.

112 2944 309 3019 lolafllrsr.
325 2943 491 3015 dfirlariir
513 2944 547 3012 in
569 2936 748 3013 Introdudl.
771 2940 807 3011 in
827 2962 881 3035 ep.
905 2938 1015 3013 iacobi
1037 2937 1067 3035 §
1082 2954 1114 3023 8.
1145 2938 1279 3011 Miiiias
1297 2942 1450 3041 Prolegg.
1472 2944 1502 3040 §-
1515 2949 1565 3033 56.
1597 2945 1724 3016 Sclrrid
1735 2948 1782 3017 H.
1797 2948 1838 3019 C.

109 3036 613 3152 pag-§294115'constituunt
635 3067 667 3141 p.
686 3042 725 3113 C.
747 3044 791 3116 N.
813 3042 880 3113 tx,
901 3040 954 3113 vel
970 3044 1057 3115 txt.
1096 3044 1265 3114 Michaelis
1288 3068 1389 3128 vero,
1416 3046 1549 3119 Eialeit.
1569 3046 1630 3119 Tr.
1645 3050 1697 3119 II.
1719 3049 1750 3146 §.
1767 3069 1839 3133 aaa.

88 3180 193 3254 ¹,p²g·
213 3174 299 3241 κῃ.
319 3172 367 3237 at
382 3172 551 3223 ueocttrtcu
560 3150 607 3232 ii,
626 3147 873 3246 :quilacobuttx
890 3142 1052 3219 Zebedaei
1063 3140 1113 3216 lil.
1135 3148 1305 3221 audonem
1322 3142 1530 3245 epfaciutrt,
1557 3172 1631 3221 eam
1648 3148 1749 3250 longe
1766 3170 1840 3223 ante

108 3286 168 3347 gan.
187 3256 266 3327 th.
284 3176 499 3352 conlcriptam
516 3246 577 3325 elle
592 3248 779 3323 adfirmant.
831 3250 1007 3349 Vtriusque
1028 3244 1205 3322 sententiae
1223 3274 1420 3349 argumenta
1439 3253 1586 3325 exhibuit
1601 3254 1840 3351 et··ponderauit
1909 3284 1924 3295 ·

115 3366 241 3435 Portus
259 3359 517 3456 Broleggspag.
533 3360 573 3441 36
592 3350 633 3451 sq.
674 3354 900 3452 Hirrostrlyruis
920 3348 986 3425 elle
1007 3350 1125 3426 litteras
1149 3348 1302 3450 scriptas,
1326 3353 1445 3428 exinde
1465 3351 1546 3428 solet
1570 3359 1721 3457 probari,
1748 3356 1839 3458 quod

110 3465 271 3550 lacobus,
303 3460 387 3535 telle
407 3460 619 3550 Hieronymo
648 3455 690 3531 de
718 3461 777 3529 uir.
802 3456 917 3531 illullr.
937 3479 997 3556 pet
1026 3459 1160 3555 triginta
1181 3484 1285 3530 annos
1308 3452 1648 3553 Hierosolymitauam
1672 3460 1838 3533 eccleliarn
1888 3547 1891 3555 Ι

115 3572 209 3641 rexit.
224 3603 276 3637 ψ,-
292 3561 393 3665 Qod
410 3562 549 3663 denique
562 3563 720 3662 coqfiliscm
734 3560 891 3661 epillolae
902 3560 1040 3646 adtinet,
1050 3564 1132 3649 bien.
1140 3562 1237 3632 Storr
1245 3566 1279 3633 in
1287 3558 1356 3655 dill'.
1371 3558 1464 3664 supra
1471 3562 1560 3639 laud.
1567 3567 1606 3635 ca
1615 3566 1693 3637 corb.
1704 3588 1771 3658 epp.
1778 3585 1840 3639 etc.

115 3672 392 3773 (Tubing.t‘189.
410 3670 457 3763 4.)
482 3688 514 3741 et
524 3668 570 3737 ·in
593 3661 709 3738 dillert.
732 3685 856 3765 exeget.
878 3668 913 3737 in
936 3692 988 3765 ep.
1004 3666 1122 3738 iacobi
1132 3686 1201 3743 not.
1214 3680 1266 3750 82.
1284 3682 1338 3760 89.
1356 3673 1423 3753 136.
1449 3662 1644 3764 suspicatur,
1672 3670 1840 3755 iacobum,

117 3802 188 3851 non
210 3776 317 3846 minus
344 3798 443 3873 quam
467 3776 616 3856 Petrum,
642 3763 795 3867 scriplitl'e
810 3768 850 3841 ad
865 3764 1080 3855 Christianos,
1099 3768 1323 3856 ex·ludaeos'‚
1347 3775 1486 3845 minoris
1501 3769 1613 3863 dirae,
1636 3798 1677 3846 eo
1690 3770 1839 3856 coufilin.
1972 3772 1976 3775 ⁴

116 3904 152 3955 vt
166 3880 310 3953 obuiam
334 3882 393 3950 iret
412 3871 523 3949 abusui
546 3871 713 3947 dodlrinae
737 3874 891 3946 Paulinae
910 3870 963 3947 de-
972 3868 1038 3947 lide
1059 3892 1091 3943 et
1112 3870 1195 3971 legis
1216 3869 1384 3947 Mosairae
1403 3877 1639 3974 abrogatione,
1681 3896 1715 3949 ut
1734 3874 1839 3949 decla·

115 4005 203 4060 roret
218 3978 318 4055 ¹suum
339 4006 420 4054 aum
439 3978 540 4052 Paulo
563 3970 776 4063 consensum,
802 3997 835 4051 et
851 3994 883 4049 vt
897 3976 1042 4049 firmaret
1053 3981 1187 4051 animos
1203 3974 1414 4053 Christianor.
1431 3978 1590 4063 illorum,
1614 4000 1650 4053 vt
1664 4005 1705 4052 eo
1719 3973 1838 4052 fortius
1874 4009 1895 4058 ·,
2032 3968 2058 4035 -’

116 4086 296 4161 relillerent
318 4080 613 4159 machinationibus
633 4075 795 4153 salsorum
817 4076 1015 4164 doctorum,
1041 4085 1076 4151 in
1099 4078 1163 4153 illis
1186 4077 1377 4180 regionibus
1397 4086 1596 4171 uiuentium
1620 4078 1733 4181 legilse
1753 4084 1839 4155 iaco·

115 4194 198 4266 bum
219 4186 368 4293 epillolas
390 4186 620 4261 att-Romanos
639 4204 669 4258 et
685 4183 833 4279 Galatas3
858 4179 929 4259 sero
951 4208 1033 4283 ergo
1056 4178 1122 4255 elle
1141 4180 1358 4286 scriptam'ep.
1373 4212 1435 4257 nec
1451 4187 1607 4260 iacobum
1619 4186 1694 4261 Zcb.
1710 4184 1757 4257 iil
1775 4178 1839 4257 elle

117 4292 210 4399 polle
230 4322 280 4393 ep.
303 4294 486 4365 auctorem.
539 4284 602 4359 Sed
630 4286 721 4359 illam
743 4282 946 4361 sumtionem
965 4288 1006 4361 de
1030 4280 1170 4360 conlilio
1191 4314 1242 4387 ep.
1262 4309 1295 4363 et
1314 4291 1457 4364 tectione
1469 4314 1543 4388 epp.
1557 4290 1721 4364 Paulinus.
1739 4292 1840 4361 iacer-

116 4420 184 4472 tam
201 4398 372 4498 profitetur
390 4394 548 4467 Gablerrcs
566 4415 639 4489 pag.
657 4414 694 4481 33
709 4386 776 4492 sqq.
829 4386 960 4465 Prorsus
981 4406 1092 4463 autern
1112 4388 1320 4491 explodenda
1333 4391 1379 4465 eli
1393 4393 1458 4466 alia
1473 4388 1627 4466 sententia
1640 4393 1681 4468 de
1694 4420 1745 4493 ep.
1760 4395 1846 4467 coo>

109 4501 211 4588 lilio,
238 4528 339 4601 quam
361 4498 528 4571 Fabricius
548 4492 682 4592 adtulit,
714 4500 805 4567 euius
829 4496 910 4568 baec
930 4492 1063 4596 quidem
1087 4490 1160 4569 sunt
1179 4498 1296 4571 verba:
1328 4497 1446 4595 „quod
1468 4490 1606 4598 scopum
1626 4504 1839 4597 praecipuum

115 4610 215 4683 liuius
234 4602 387 4702 epillolae
400 4590 605 4697 (Fiafflaiai
623 4596 776 4701 disquilit.
790 4598 872 4672 Bibl.
887 4622 961 4700 pag.
977 4598 1067 4693 739)
1082 4600 1234 4674 nonnulli
1250 4595 1314 4672 elie
1330 4597 1555 4695 contendunt,
1576 4594 1841 4678 coitfutatiooem
1918 4605 1932 4615 ”

117 4702 293 4787 haereseos,
312 4708 457 4779 Simonis
472 4706 584 4801 Magi,
608 4727 694 4801 quae
715 4706 749 4775 io
769 4698 834 4776 fide
857 4698 926 4777 sola
945 4698 1014 4775 fine
1041 4706 1194 4800 operibus
1218 4695 1310 4805 spent
1335 4700 1444 4777 salutis
1464 4702 1616 4778 docuerit
1640 4698 1704 4777 else
1724 4700 1842 4804 repuli·

118 4834 211 4897 tam,
236 4809 354 4909 procul
374 4806 418 4881 eli
440 4802 592 4907 proledlo
610 4834 630 4877 a
654 4809 785 4881 ueritate
802 4801 1001 4907 repulsum'
1033 4808 1120 4879 Nam
1139 4805 1219 4879 fides
1232 4804 1378 4881 Simonis
1390 4810 1486 4907 Magi
1499 4808 1580 4902 (rid.
1597 4810 1694 4907 ittigii
1709 4803 1750 4879 de
1768 4811 1841 4879 hae·

119 4915 288 4995 reliarcbis
301 4937 376 5015 pag.
388 4916 457 5017 351.)
482 4916 517 4985 in
537 4900 646 5011 ipsum
664 4914 798 5013 eiusque
823 4909 1116 5087 Helenaltqqlnihil
1136 4904 1290 5011 prolatio
1312 4910 1359 4991 ad
1377 4908 1498 5000 fidem,
1523 4909 1568 4992 de,
1586 4932 1651 5012 qua
1674 4910 1842 4981 lacobus!

723 5042 726 5051 ·
913 5016 941 5085 L
1054 5033 1074 5087 tt
1681 5015 1838 5086 Ceterum
