4550 5717
287 312 307 337 ⁹
361 398 469 467 ato
550 343 905 444 nutrierunt.
1076 366 1284 486 ‘utouotu
1316 366 1459 443 stetu
1573 410 1576 426 .
1697 390 1703 397 -

1414 520 1420 529 ’
2248 501 2249 541 l

410 562 565 659 ttraptag.
583 563 618 631 in
638 555 793 661 adparatu
808 557 905 633 litter.
924 560 966 631 ll.
989 582 1066 657 pag.
1084 581 1166 643 1300
1179 550 1246 656 sqq.
1269 546 1318 627 ibi
1344 582 1476 657 quoque
1494 549 1732 629 llhotlotnanni
1744 546 1775 629 et
1790 548 1998 655 Vt'ell'eliugii
2020 550 2142 629 editio·

414 690 473 739 uer
490 656 649 752 recenset,
674 684 708 734 et
722 659 884 755 quaedam
899 660 940 732 de
956 660 1113 732 Diodoro
1126 662 1239 730 Siculo
1255 660 1377 731 tradit..
1666 666 1673 683 ¹
1709 686 1716 698 ·
1981 718 1987 725 .
2248 652 2249 729 l

431 805 437 824 t
517 774 611 851 Idem
635 776 743 849 Hrur.
756 776 936 868 Stephanus
955 773 1122 877 uulgauit,
1156 768 1207 847 sed
1235 778 1386 870 ignarus,
1418 770 1562 845 Diodori
1594 766 1676 857 esse,
1710 753 1833 845 illullre
1860 769 2088 871 fragmentum
2109 780 2148 847 da
2249 833 2250 877 ,

400 884 588 959 ·Cltuuatidt
604 894 635 953 rt
649 876 850 972 Aristomene
863 878 1152 957 intetl’olentonis
1172 899 1204 949 et
1220 880 1363 951 Himerii
1388 874 1662 957 declamationes,
1689 870 1783 947 Paris.
1804 882 1886 966 1567.
1904 900 1933 964 4.
1960 916 2011 949 η-
2038 874 2073 947 ld
2101 898 2147 965 ta.
2249 886 2250 927 l

419 1012 500 1061 men
519 982 745 1081 fragmentum
761 976 800 1053 tl
818 978 946 1055 voffius
968 984 1141 1077 repetitio
1163 977 1237 1053 cod.
1258 974 1449 1054 Florentino
1471 973 1528 1051 sub
1542 983 1679 1053 nornine
1693 976 1836 1052 Diodori
1852 978 1960 1054 Siculi.
1984 978 2048 1053 vitl.
2064 982 2146 1053 Get.
2249 968 2250 1037 ἶ

421 1094 475 1163 Iu.
488 1089 531 1165 V
527 1090 632 1184 offlano
644 1090 680 1159 iu
694 1080 851 1159 addendis
864 1082 906 1157 de
918 1081 1075 1156 hilloricir
1090 1088 1215 1182 graecis
1230 1110 1306 1183 pag.
1320 1108 1390 1179 529.
1539 1073 1544 1089 ’
2250 1167 2251 1223 1

523 1216 668 1295 Diodoti
677 1220 774 1293 Siculi
784 1218 989 1292 >bibliothecae
1002 1218 1163 1315 hilarione
1177 1218 1252 1291 libri
1266 1219 1310 1289 X
1309 1220 1355 1295 V.
1372 1217 1428 1289 hec
1444 1214 1505 1312 cst,
1529 1230 1685 1315 quotquot
1695 1241 1807 1311 gruere
1820 1230 1933 1289 extant
1947 1220 1985 1291 de
2008 1217 2150 1313 quadra·
2250 1226 2251 1291 l

423 1331 541 1423 girum
560 1347 701 1423 quorum
716 1326 854 1418 quinque
866 1326 1100 1415 cumprimum
1115 1322 1209 1393 latitat
1223 1322 1380 1404 tritantur,
1406 1361 1476 1393 -.
1528 1322 1666 1393 Au’ier‘lo
1686 1323 1735 1391 lais
1747 1320 1831 1415 sunt
1844 1348 1884 1392 rx
1904 1327 1944 1393 iis
1959 1321 2065 1402 titt-ts,
2092 1326 2150 1417 qui

426 1454 491 1504 flou
509 1440 640 1512 extuat,
653 1429 847 1522 fragmenta
869 1428 1033 1523 quaedum.
1085 1419 1266 1518 Sthustlotto
1283 1425 1456 1519 Cuflulr'otrt
1478 1429 1579 1495 totius
1604 1427 1707 1515 operis
1726 1424 1921 1513 currauora,
1953 1430 2078 1519 purtim
2099 1436 2151 1497 itt·

426 1544 577 1627 terprttt.
627 1532 816 1602 Praetereo
829 1527 1048 1622 interitiiutst
1064 1528 1186 1625 Dittya
1202 1530 1356 1628 Ctettufir
1378 1542 1408 1601 tt
1424 1528 1563 1599 Duretie
1578 1526 1719 1623 Phrygii
1740 1530 1779 1597 dt
1799 1526 2153 1621 ttttoTrohnotisto·

375 1696 385 1705 .
427 1639 497 1715 riu,
520 1636 564 1705 ud
574 1631 788 1731 supplendum
810 1633 953 1703 lucernum
975 1636 1109 1728 quinque
1126 1634 1298 1722 librarum,
1324 1636 1377 1729 qui
1398 1636 1481 1703 iuter
1502 1636 1648 1729 quintum
1668 1644 1698 1701 et
1715 1630 1907 1703 undecimum
1922 1632 2152 1733 dptdtraarur.

431 1735 642 1833 Bufileurper
655 1736 762 1817 Hunc,
783 1736 886 1808 Petri.
912 1759 984 1825 1559.
1011 1731 1073 1811 tot

534 1855 590 1929 Ell
613 1854 768 1931 colletlio
787 1855 934 1955 plurium
954 1860 1261 1955 interpretationum
1285 1855 1470 1931 latinarum.
1522 1856 1650 1927 Priores
1672 1857 1714 1925 V.
1737 1852 1837 1927 libros
1861 1854 2024 1953 Poggius,
2047 1851 2152 1926 libror
2252 1882 2253 1905 ³

435 1961 636 2034 tlt-xlv.
655 1986 856 2050 anonymur,
877 1956 999 2032 librum
1016 1962 1085 2031 XV.
1101 1965 1236 2035 Marcus
1252 1964 1444 2060 Hoppetus,
1459 1959 1511 2033 lih.
1526 1962 1603 2031 xvt
1618 1978 1649 2031 et
1666 1960 1769 2031 xvu.
1794 1956 1939 2055 hugelut
1954 1956 2063 2049 (alias,
2077 1958 2153 2027 Bar·

141 2073 152 2078 “
283 2109 285 2112 -
436 2059 836 2163 tholoutaeut‚)Cosput,
862 2063 1006 2163 reliquos
1020 2062 1351 2160 Callplioverterunt.
1374 2102 1427 2120 -·-
1451 2064 1511 2137 llla
1534 2060 1688 2136 colledlio
1711 2055 1821 2134 recusa
1848 2058 1892 2132 cll
1915 2058 2033 2163 etpoll
2048 2064 2155 2132 Date·

436 2188 529 2253 um,
550 2167 752 2265 Phrygium,
777 2164 925 2239 additum
945 2166 1184 2265 Tharspltiudori
1200 2168 1249 2241 llii
1263 2164 1447 2253 excidium,
1474 2166 1564 2239 Guil.
1583 2168 1758 2263 Xylundro
1777 2169 1968 2262 interprete,
1990 2182 2021 2237 et
2039 2163 2156 2253 incal·
2253 2167 2254 2217 l

438 2299 476 2343 ee
497 2264 691 2344 accellerunt
714 2264 900 2368 fragmenta
920 2268 1072 2346 historica
1094 2269 1237 2344 Diodori
1256 2272 1356 2345 latine
1376 2264 1486 2365 uersa,
1512 2267 1632 2343 ibidem
1653 2275 1688 2339 in
1707 2266 1794 2339 offic.
1808 2269 2040 2367 chtipetrina
2064 2280 2155 2361 ¹578·
2253 2272 2254 2277 ’

354 2438 363 2443 ,
436 2370 499 2449 t'ol.
523 2394 657 2451 curante
677 2376 727 2444 Io.
740 2377 803 2446 luc.
820 2374 985 2468 Grynueo.
1020 2372 1085 2445 uid·
1101 2373 1220 2450 Gertz.
1243 2374 1265 2447 l.
1280 2402 1307 2447 c.
1327 2376 1465 2473 ll.,pag.
1482 2396 1544 2460 403
1560 2369 1604 2473 sq.
1627 2393 1658 2444 et
1678 2366 1864 2443 thesaurum
1889 2369 2156 2444 bibliothecalem

439 2480 580 2552 tom'll.
603 2502 679 2576 pag.
693 2471 751 2569 3o5
768 2471 837 2577 sqq.
869 2478 1047 2575 Noribetg.
1071 2492 1157 2570 1738.
1178 2500 1210 2567 4.
1240 2477 1294 2550 ubi
1310 2477 1560 2577 Schurzflu'srhii
1581 2497 1613 2548 et
1632 2474 1777 2547 aliorum
1796 2471 1915 2547 iudicia
1936 2472 1976 2548 de
1998 2470 2156 2549 Diodoto
2254 2506 2255 2565 3

276 2604 281 2609 “
437 2600 681 2656 memorantur.
897 2633 903 2643 .
2104 2626 2108 2631 -

545 2698 709 2797 Exccuptu
723 2722 763 2770 cx
774 2698 925 2771 Diodoro
940 2700 1044 2773 Siculo
1056 2700 1095 2772 ue
1110 2701 1330 2797 legationibus,
1357 2726 1432 2776 cum
1448 2704 1533 2774 notit
1547 2698 1661 2771 Fuluii
1679 2697 1721 2771 V
1717 2698 1812 2799 rfitti:
1836 2722 1913 2773 curn
1928 2698 2097 2797 Excerptit
2113 2721 2160 2785 ert

442 2801 586 2896 Polybio
597 2800 639 2890 de
650 2802 887 2903 legationibus,
914 2809 1136 2899 untuerpiae.
1163 2818 1294 2896 158²·4·
1322 2801 1411 2881 eoas.
1426 2798 1530 2891 infra,
1554 2809 1588 2874 in
1609 2800 1674 2877 vol.
1691 2802 1748 2877 Vl.
1774 2827 1848 2901 pag.
1863 2824 1933 2892 230.
1959 2802 2051 2874 Duu.
2068 2802 2164 2873 Hoc·
2255 2832 2256 2889 ῃ

434 2908 572 3008 schelius
585 2906 715 3008 eclogas
728 2900 783 2979 seu
797 2902 982 3004 fragmenta
1000 2935 1018 2980 e
1028 2907 1103 2989 libr.
1116 2910 1204 2984 xxt.
1217 2910 1320 2979 XXll.
1333 2908 1450 2981 XXlll.
1470 2910 1587 2979 XXIV.
1602 2908 1695 2979 XXV
1714 2926 1746 2979 et
1759 2908 1877 2979 xxvt
1903 2902 1992 2977 dedit
2008 2930 2048 2977 ex
2066 2902 2162 2977 codi·
2255 2916 2256 2939 ¹

444 3038 483 3083 ce
493 3012 651 3084 Ludouici
661 3009 819 3098 Almuat',
841 3008 1033 3097 florentini,
1055 3038 1075 3083 a
1091 3012 1133 3085 R.
1148 3006 1343 3098 Thomson,
1357 3012 1525 3091 Britanno,
1540 3002 1723 3108 exscriptas,
1742 3003 1794 3081 sed
1810 3013 1895 3081 mire
1910 3002 2050 3098 vitiosas,
2074 3005 2161 3099 (vid.

444 3110 707 3215 syllog.episiol.
723 3117 755 3187 t.
770 3117 973 3201 Burmanni,
997 3134 1081 3193 torn.
1094 3117 1133 3188 ll.
1155 3138 1232 3213 pag.
1249 3118 1333 3208 354.)
1358 3118 1394 3188 in
1412 3102 1584 3207 Excerptir
1604 3138 1618 3183 t
1642 3110 1793 3206 Diodoro
1814 3135 1948 3210 graece,
1972 3108 2013 3183 ad
2029 3109 2162 3185 calcem

447 3219 624 3314 eclogarum
637 3219 676 3288 dt
692 3218 919 3311 legationibus,
943 3218 1110 3316 Augustae
1124 3216 1284 3293 Vindelio
1299 3222 1388 3309 1603.
1403 3236 1433 3306 4.
1457 3241 1533 3316 pag.
1549 3241 1604 3311 150
1618 3238 1742 3304 —ttn
1782 3209 1873 3289 toul.
1889 3210 1992 3301 iufra,
2016 3212 2083 3288 vol.
2097 3218 2161 3289 Vl.

240 3336 255 3349 ·
306 3353 310 3361 ’
426 3330 430 3337 ’
446 3344 612 3419 papam.
629 3343 701 3410 49²·
715 3314 835 3393 scholia
852 3341 963 3393 tamen
977 3320 1120 3413 adiecit,
1147 3346 1261 3420 quaeat
1277 3316 1527 3397 Rhodomanno
1542 3316 1691 3421 profetia
1710 3310 1773 3391 effe
1791 3314 1890 3392 docet
1905 3313 2101 3417 Weffeliug.
2122 3321 2164 3389 in

405 3478 409 3485 .
445 3416 608 3531 praelat,
625 3420 755 3493 aduitra
770 3418 960 3496 eradicanda
976 3424 1059 3496 bene
1072 3420 1208 3497 faciunt.
1555 3494 1563 3505 ,

552 3556 707 3653 Stephani
728 3558 860 3627 hortatu
880 3553 982 3630 lihroa
997 3554 1161 3632 Diodori,
1183 3580 1266 3655 quot
1282 3558 1411 3652 hahuit,
1435 3552 1533 3630 latine
1552 3558 1646 3629 vertit
1666 3557 1717 3627 vir
1730 3550 1902 3654 ‚utriusque
1923 3554 2061 3657 linguae
2076 3556 2165 3655 peri·

448 3678 503 3733 tut
518 3657 717 3729 Laurentius
732 3656 999 3743 Rhodomtunur,
1020 3654 1224 3745 cheruscos,
1248 3662 1343 3737 nullo
1358 3658 1424 3734 alio
1439 3662 1513 3735 MS.
1529 3656 1663 3746 codice,
1685 3650 1740 3731 sad
1764 3652 1834 3732 l'ola
1848 3661 2002 3758 Stephani
2015 3654 2165 3731 editione

447 3759 531 3836 aiut.
589 3754 760 3860 inscriptio
783 3764 865 3832 haec
887 3760 950 3835 cll:
1000 3844 1003 3847 ⁴

398 3920 406 3927 ·
549 3878 694 3954 Diodori
708 3880 805 3954 Siculi
819 3880 959 3953 biblioth.
972 3881 1007 3954 iti
1034 3882 1221 3956 coturlibri
1234 3880 1323 3957 XV.
1346 3876 1387 3955 de
1409 3882 1475 3955 XL.
1498 3904 1643 3983 quorum
1668 3882 1710 3954 V.
1728 3884 2028 3984 prioretllegypti,
2055 3878 2167 3971 tiliae,¹

450 3980 604 4074 hsrirae,
621 3987 793 4070 Graeciae,
818 3980 999 4062 insularum
1013 4006 1046 4058 et
1059 3991 1213 4087 Europae
1229 3990 1431 4087 antiquitatet
1445 3990 1630 4058 continent:
1654 3982 1792 4087 Reliqui.
1808 3983 1922 4059 decern
1944 4013 1995 4061 res
2017 3981 2168 4073 alethe,

394 4105 408 4123 ‘
447 4092 601 4169 Graecia,
624 4084 863 4162 Macedonibus
877 4108 909 4162 et
923 4094 1035 4161 ceteria
1049 4090 1135 4163 othir
1150 4111 1309 4163 tertarum
1326 4088 1477 4190 pepulit,
1503 4088 1544 4160 ab
1558 4114 1596 4161 ex
1623 4084 1763 4162 editione
1783 4088 1859 4187 inde
1876 4092 1991 4176 Xerxis
2012 4096 2051 4164 in
2063 4094 2165 4165 Grae·

452 4198 538 4265 ciarn
552 4216 651 4290 utque
664 4188 706 4263 ad
719 4194 878 4288 Antigoni
893 4190 1047 4279 eaedem,
1069 4193 1173 4289 gestat
1195 4206 1376 4291 exponunt.
1431 4182 1494 4267 Hit
1515 4115 1714 4265 accederunt
1734 4192 1870 4291 eclogae
1884 4188 1942 4271 seu
1963 4190 2162 4294 fragmenta,

391 4334 398 4348 ·
453 4322 493 4367 en
505 4295 593 4367 ltbtia
608 4290 804 4395 quibusdam
816 4298 975 4383 auctoris,
1000 4299 1057 4395 qui
1072 4293 1303 4371 defiderantur.
1354 4296 1479 4367 Omnia
1494 4320 1571 4369 curn
1585 4297 1859 4395 -interpretatioue
1881 4299 1999 4389 latina,
2014 4294 2164 4373 summit

452 4422 564 4470 rerum
589 4396 743 4496 capitibus
763 4402 797 4467 in
821 4403 972 4495 margine
992 4422 1030 4470 ac
1052 4418 1245 4495 temporum
1264 4402 1476 4473 annotatione
1498 4396 1663 4471 illullrata.
1713 4402 1778 4471 Cui
1796 4397 1921 4475 adferta
1940 4400 2165 4501 chronologia

414 4591 419 4595 Ι
452 4497 595 4598 duplex3
625 4502 838 4580 Archontunt
858 4506 1032 4597 atticorum
1051 4520 1083 4574 et
1101 4502 1350 4600 magistratuum
1371 4510 1460 4574 totu.
1480 4498 1521 4573 ad
1543 4498 1685 4588 Mundi,
1711 4501 1959 4605 Olympiadum.
1973 4524 2006 4579 et
2019 4507 2105 4579 urbis
2122 4510 2165 4580 C.

285 4630 293 4641 ·
390 4654 393 4659 -
454 4626 558 4675 annot
571 4597 732 4686 succincta
745 4629 855 4675 retum
873 4604 1020 4706 quolibet
1032 4630 1121 4677 anno
1132 4606 1296 4703 getarum
1311 4601 1535 4691 indicatione,
1558 4598 1820 4705 supputatorum.
1870 4602 1973 4682 ludex
1995 4628 2163 4709 praetereat

453 4706 653 4804 tergeminut
669 4701 942 4808 etphral'eologia
956 4733 995 4780 ex
1007 4710 1049 4780 V.
1062 4706 1151 4781 librit
1165 4696 1424 4807 m'ythologicit,
1445 4734 1483 4779 ac
1497 4704 1629 4783 tandem
1654 4704 1822 4811 (Stephani
1841 4735 1879 4783 ac
1900 4712 2164 4807 Rhoduntantti)

274 4855 282 4861 .
342 4817 345 4821 ·
452 4814 489 4929 in
503 4824 883 4998 torpaturpolptaecum.
930 4808 1046 4887 Studio
1060 4810 1362 4915 etplabotenliitolui
1375 4812 1608 4891 tueamur.
1661 4815 1859 4895 Hanaouiae
1877 4819 1962 4917 typir
1977 4818 2164 4901 Weehelia·

337 4931 347 4967 ’-
453 4935 555 4987 tuat
627 4962 642 4983 .
1862 4987 1865 4997 .

2034 5027 2168 5102 ‘De
