4550 5717
912 220 948 282 l.

640 378 979 477 tumuloque
997 403 1278 523 ⁶innumera
1330 402 1486 478 narrt
1506 402 1713 482 aaran.
1763 427 1822 497 43,

107 596 211 683 enim,
242 615 346 691 qaum
365 587 605 693 Heidelbergae
625 610 699 673 ante
721 588 884 691 direptum
906 588 1021 679 illum,
1053 610 1086 666 et
1107 597 1290 667 marinum
1314 614 1438 692 partem
1463 590 1576 691 pollet
1597 594 1747 667 Romana
1767 590 1820 669 de·

102 694 201 772 latum
231 690 424 776 thesaurum
456 714 518 771 trra
547 724 652 771 aunor
683 716 931 782 commoratus,
964 700 1080 769 onmia
1102 707 1283 783 excuteret,
1318 702 1353 769 in
1373 698 1521 791 veteret,
1543 701 1594 791 (vt
1616 697 1720 773 verbio
1747 721 1818 771 ttae
1868 724 1874 727 ·

100 803 269 889 brunelli,
299 780 405 897 praes.
429 824 469 903 pa
496 802 583 899 ,Vll
598 795 666 899 sq.)
692 780 804 877 incidit
835 800 1059 900 membranae:
1091 826 1170 901 quar
1194 799 1328 898 quidem
1353 822 1428 877 aare
1448 826 1524 875 eum
1549 796 1732 901 adtigeram
1754 805 1815 875 viri

100 905 225 1003 ¹aliquos
245 898 357 992 dotti,
384 896 436 977 scil
459 823 592 1001 sapiae,
624 926 656 979 et
683 928 752 978 nott
776 928 837 987 eo,
871 928 937 1003 quo
961 928 1019 1003 par
1041 926 1128 990 erat,
1161 900 1267 975 lludio
1289 904 1558 1003 inuestigaueraot
1575 926 1608 977 et
1629 902 1815 1002 perscrutati

101 1007 243 1105 fratrent,
267 1014 332 1093 ita,
355 1028 408 1087 vt,
441 1006 515 1080 licet
544 1001 813 1105 cognosceretur,
846 1032 965 1106 graeca
995 1010 1027 1079 in
1049 1011 1086 1077 iir
1107 1008 1216 1081 haberi
1233 1014 1495 1107 epigrammata,
1518 1032 1591 1081 non
1610 1004 1815 1089 satiatorum

101 1108 303 1211 perspcdlutn
322 1106 416 1195 effer,
449 1132 610 1207 quaerum
626 1111 676 1195 ¹ab
700 1110 795 1189 erlitir
821 1136 897 1183 cunr
921 1136 1081 1193 numero,
1115 1110 1413 1209 tunnhngulorum
1434 1116 1615 1209 integritate
1637 1107 1815 1187 differrent.

102 1212 258 1288 Salmal'ro
288 1214 402 1286 nollro
431 1210 629 1288 reseruatutn
661 1238 748 1299 erat,
789 1234 822 1285 trt
850 1210 1090 1310 pretiufiffimat
1116 1214 1187 1287 illar
1217 1220 1332 1287 ueterit
1357 1220 1433 1290 aeui
1459 1214 1612 1313 reliquias
1636 1241 1654 1288 e
1676 1217 1814 1290 tenebris

102 1338 244 1403 erueret,
268 1322 396 1418 hocque
417 1320 622 1393 incremento
645 1342 715 1397 rem
738 1320 927 1397 litterariam
950 1320 1075 1404 bearet,
1090 1316 1178 1417 qui,
1195 1316 1370 1417 diligenter
1384 1316 1525 1391 euolutir
1539 1318 1814 1407 hiemembranir,

102 1448 202 1523 quum
229 1427 374 1523 primum
399 1416 622 1519 comperisset,
640 1440 791 1497 veterent
808 1420 902 1495 illam
924 1424 968 1493 ibi
990 1426 1151 1496 contineri
1164 1422 1418 1521 anthologiam,
1443 1428 1559 1500 omnia
1571 1418 1705 1520 sedulo,
1731 1448 1816 1523 quae

101 1526 184 1609 edita
206 1544 315 1612 erant,
340 1522 382 1597 ad
405 1524 574 1622 exemplar
591 1522 742 1597 editionis
765 1526 1001 1601 wechelianac
1022 1554 1052 1601 a.
1067 1524 1183 1599 MDC.
1202 1526 1360 1611 contulit,
1392 1531 1481 1601 cuius
1501 1532 1535 1599 in
1553 1530 1624 1599 orit
1644 1531 1813 1603 varietates
1893 1562 1897 1567 ⁴

101 1632 366 1709 membranarum
388 1626 574 1712 adnotauit,
600 1652 825 1727 quaecumque
842 1650 951 1705 autem
969 1624 1264 1715 elsetttanerrlota,
1290 1626 1442 1729 separarit
1456 1626 1620 1728 descripsit
1636 1633 1813 1716 incbartir,
1933 1699 1936 1704 .

104 1736 255 1832 equibus
275 1752 347 1805 orta
368 1730 412 1805 eli
433 1734 629 1829 Attiltolrgio
651 1732 707 1803 illa
728 1736 863 1817 inedito,
897 1760 979 1831 quae
999 1730 1096 1809 solius
1121 1732 1251 1811 Claudii
1272 1731 1419 1808 Salmasri
1441 1732 1547 1807 lindio
1567 1734 1720 1828 debetur,
1745 1758 1814 1833 quo

103 1844 237 1915 nominc
255 1830 391 1913 summo
410 1838 482 1909 viro
503 1834 708 1911 itutnortaler
728 1840 853 1933 gratiae
875 1836 1043 1915 habendae
1067 1832 1151 1913 sunt.
1200 1839 1370 1911 Hadienus
1384 1839 1525 1911 Brona.
1552 1840 1609 1936 qui
1627 1860 1756 1936 praeter
1775 1864 1814 1911 ea
1866 1910 1870 1919 ,

103 1936 321 2039 quorumdam
343 1967 362 2011 a
387 1941 633 2040 ograplrorum,
654 1965 696 2013 ex
713 1937 859 2015 Salmalii
881 1934 1005 2015 selredir
1020 1930 1272 2038 descriptorum,
1294 1936 1360 2013 fata
1380 1939 1655 2017 etconditioaetn
1675 1959 1815 2015 enarrat.

104 2040 274 2129 Salmastus
295 1964 430 2145 quidem
458 2038 523 2143 ipse
542 2062 712 2141 paraturus
734 2065 801 2116 etat
826 2042 1029 2131 editionem,
1062 2044 1151 2135 (uide
1173 2070 1258 2143 quae
1279 2040 1441 2123 Eabrio'iur
1464 2037 1531 2145 ipse
1551 2042 1592 2118 de
1613 2042 1811 2119 editionibur

103 2145 262 2248 promissa
283 2144 412 2246 polica,
439 2166 471 2221 et
493 2148 666 2225 bruncho
690 2150 756 2227 vita
776 2144 924 2224 saturasti
948 2144 1052 2246 praef.
1077 2174 1150 2247 pag.
1164 2150 1235 2221 XV.
1257 2154 1453 2241 notaruutr)
1478 2175 1584 2249 neque
1608 2168 1719 2223 tameo
1741 2149 1812 2222 aliie

104 2251 216 2329 inuidit
240 2250 310 2324 illae
333 2247 440 2351 dapet.
498 2255 547 2323 Ex
568 2250 631 2323 illis
654 2256 751 2349 igitur
780 2248 904 2323 subedir
925 2250 1067 2348 plurima
1093 2252 1238 2331 deriuata
1257 2245 1580 2355 suutrirrr'ppoeoaet
1614 2254 1812 2351 inquorum

105 2376 210 2430 tannen
237 2357 401 2452 plerisque
432 2353 538 2435 multa
568 2352 689 2431 menda
717 2352 958 2445 remanserunt,
993 2355 1117 2437 multae
1147 2356 1373 2451 corruptelae,
1411 2354 1524 2454 quales
1551 2352 1725 2432 scribarum
1752 2374 1811 2429 aut
1871 2422 1875 2428 ,

106 2464 288 2561 ignorantia
309 2480 362 2529 aut
382 2485 483 2557 praua
505 2458 693 2556 corrigendi
712 2453 862 2537 sedulitas
882 2463 1038 2533 ›iuueltere
1061 2454 1154 2533 solet.
1211 2460 1276 2532 alii
1297 2484 1338 2531 ex
1361 2456 1422 2531 illir
1445 2462 1646 2557 apograpltia
1666 2454 1812 2533 &remur

106 2586 271 2663 excerpta,
297 2566 393 2635 aona
416 2588 497 2637 ruox
516 2562 588 2635 aliie
608 2558 824 2661 undecunque
843 2566 949 2659 petitia
971 2580 1004 2637 et
1027 2558 1210 2661 adscriptirr
1235 2558 1322 2633 vnde
1344 2582 1416 2634 orta
1437 2564 1482 2635 ell
1499 2566 1622 2635 horum
1638 2558 1812 2638 dinatius.

107 2672 265 2744 Prioribus
287 2690 441 2766 quoque,
469 2684 502 2737 vt
526 2665 663 2738 adnotat
678 2667 875 2753 Brunckiua,
901 2692 971 2741 nnn
995 2664 1111 2740 eadem
1137 2666 1292 2741 omnibus
1313 2660 1439 2761 insunt,
1464 2667 1661 2745 rteceodeur
1675 2663 1813 2745 ordine:

108 2772 163 2847 alia
176 2772 250 2847 aliia
268 2773 432 2857 uberiora,
455 2790 552 2868 prout
574 2772 668 2847 ratiis
689 2768 893 2867 temporibur
910 2798 933 2849 a
947 2764 1109 2843 Salmasro
1130 2774 1415 2843 communicatum
1428 2764 1490 2842 suit
1505 2767 1697 2867 exemplar,
1721 2767 1812 2872 quod

107 2877 239 2951 habebat
260 2880 293 2947 in
312 2876 487 2961 manibus,
515 2894 546 2947 et
562 2870 699 2947 adfiduo
723 2872 827 2943 lludin
853 2876 886 2944 la
901 2870 969 2945 dier
983 2876 1119 2953 ornabat
1134 2878 1249 2971 magis.
1302 2878 1349 2945 nx
1363 2873 1441 2963 eo,¹
1455 2891 1489 2945 at
1502 2868 1656 2945 nondum
1667 2878 1814 2969 integro,

107 3008 161 3055 uec
185 3000 296 3053 curate
317 2973 451 3077 scripto,
480 2983 623 3075 primunt
644 2982 792 3051 manauit
813 2968 866 3060 id,
897 2972 984 3075 quud
1006 2971 1174 3073 descripsit
1193 2980 1245 3049 fr.
1259 2978 1413 3063 Guietur,
1439 2974 1543 3077 (quod
1562 2999 1674 3049 tamen
1687 2976 1813 3050 Saluta·

107 3084 197 3158 stanit
220 3084 418 3157 co'niedlurit
440 3077 642 3180 perspersum
664 3080 736 3167 cll.)
758 3076 876 3152 deinde
900 3083 931 3150 in
952 3078 1188 3153 bibliothecam
1204 3081 1308 3151 Mena
1333 3080 1373 3165 ii,¹
1389 3077 1531 3176 denique
1544 3084 1577 3151 in
1595 3078 1670 3151 bibl.
1683 3084 1811 3179 regiam

105 3184 310 3263 Pariliensena
330 3184 462 3259 illatum
482 3184 546 3279 eh,
572 3203 603 3257 et
619 3212 638 3258 a
657 3184 807 3257 Boiuirrio
824 3187 856 3254 in
868 3184 950 3263 attis
968 3183 1058 3256 acad.
1075 3178 1253 3261 larinensis
1269 3106 1413 3280 inscript.
1431 3204 1514 3256 tom.
1529 3182 1567 3255 ll.
1582 3206 1655 3283 pag.
1669 3189 1725 3255 261
1743 3178 1812 3283 sqq.
1948 3199 1954 3209 ‘

106 3292 164 3366 late
176 3290 374 3390 expositum,
426 3286 516 3363 ldem
535 3292 701 3363 Boiuiuiur
718 3306 842 3383 poetar,
864 3312 1007 3384 quorum
1024 3291 1265 3386 epigrammata
1282 3289 1317 3357 in
1341 3284 1395 3358 illa
1413 3285 1610 3359 eolledlioue
1625 3307 1812 3375 occurrunt,
1928 3330 1934 3337 ·

106 3395 283 3470 secundum
309 3394 464 3469 ordinem
488 3392 652 3491 alphabeti
681 3394 887 3475 nominauit3
918 3386 959 3460 ad
980 3392 1048 3461 hoc
1068 3388 1230 3488 quaedam
1251 3393 1488 3487 epigrammata
1509 3414 1625 3489 graece
1651 3414 1729 3461 curn
1753 3387 1812 3462 du·
1960 3393 1963 3398 “

63 3532 66 3541 ·
108 3500 179 3599 plici
204 3496 373 3585 versione,
400 3492 497 3571 altera
521 3494 639 3593 gallica
662 3489 823 3591 prosaica,
853 3493 954 3573 altera
978 3492 1077 3565 latina
1105 3498 1237 3567 mettica
1257 3490 1434 3591 excerpsit,
1464 3492 1626 3593 dodleque
1647 3492 1814 3589 explicuit.

106 3610 267 3679 Guntiauo
290 3590 485 3702 apographo
508 3602 633 3671 vberius
658 3620 687 3670 et
711 3600 827 3673 melius
844 3596 888 3670 cll
906 3598 1165 3672 Burrhrrirnurrr.
1189 3600 1359 3678 Diuiouc,
1384 3620 1443 3667 nec
1459 3616 1567 3668 tamen
1583 3592 1689 3693 ipsum
1704 3598 1815 3667 omni·

42 3780 43 3783 ,
107 3714 160 3782 bur
180 3709 321 3809 partibus
346 3713 518 3803 integrunt,
571 3700 755 3801 Vtrumque
780 3702 1010 3793 apographum
1031 3698 1143 3769 babuit
1159 3717 1190 3769 ct
1216 3690 1367 3797 sequutus
1383 3696 1426 3768 esl
1442 3698 1579 3769 Brunclt.
1630 3700 1680 3769 Ex
1705 3700 1814 3769 holui-

43 3824 46 3903 ζ
108 3818 202 3895 niano
217 3813 335 3883 codice
349 3806 511 3885 formatur
528 3803 591 3871 etr·
608 3798 879 3887 rideturlleisltio
905 3796 981 3877 cod.
995 3802 1215 3897 Bigotiartur,
1239 3824 1308 3899 qno
1329 3792 1363 3871 se
1386 3794 1480 3873 vsurn
1499 3794 1619 3873 satetur
1637 3800 1752 3875 lliiller
1771 3794 1813 3873 ad

45 3952 48 4013 q
105 3898 232 3987 Suidatn
258 3938 331 3983 voc.
351 3899 492 4008 Θξίναξ.
1372 3932 1379 3939 ·

46 4016 48 4037 ⁵
174 4038 244 4105 'in
268 4024 422 4102 biblioth.
443 4016 647 4123 lugdunensi
672 4018 867 4097 Batauduo
888 4019 958 4095 sunt
980 4014 1076 4091 codd.
1099 4023 1200 4093 mstti.
1252 4020 1345 4093 hlter
1362 4016 1461 4110 (telle
1482 4020 1636 4121 catalogo
1659 4049 1734 4123 pag.
1750 4046 1815 4115 335.
1863 4074 1868 4079 -

110 4166 152 4211 nr.
169 4160 221 4227 34.
240 4130 291 4216 b.)
318 4123 520 4231 Στράτωνος
543 4116 680 4216 nardini}
702 4128 832 4209 blica,
859 4150 926 4195 rrrrrr
943 4126 1020 4210 aliis
1033 4127 1338 4223 epigrammatibus,
1358 4149 1438 4219 quar
1458 4129 1539 4197 irrrrr
1558 4126 1666 4198 durior
1688 4130 1817 4199 Anto·

111 4244 209 4337 lagiae
226 4237 378 4311 uocabulo
396 4237 564 4315 dicuntur,
580 4230 641 4325 sti
662 4230 832 4327 uhsrrrnur.
854 4254 951 4301 runnu
974 4226 1036 4323 lus.
1056 4230 1227 4323 Scalsgrri,
1252 4232 1332 4301 unde
1348 4232 1489 4321 plurimo
1501 4229 1695 4327 sollustrat
1715 4256 1814 4303 rxrrrr·

105 4348 218 4438 pluria.
257 4340 381 4433 ⁴(llaec
405 4334 476 4407 sunt
497 4352 649 4431 excerpta
669 4360 709 4406 ex
728 4320 935 4433 ¹apographo
952 4326 1197 4423 Salmal'ranor)
1223 4330 1306 4404 alter
1322 4330 1415 4416 (ibid.
1429 4358 1504 4431 pag.
1519 4356 1594 4425 399.
1609 4360 1657 4404 nr.
1672 4337 1719 4425 8.)
1743 4336 1816 4407 An·

112 4448 268 4543 tholegia,
294 4443 323 4511 lr.
346 4466 370 4511 e.
388 4442 619 4533 epigrammata
642 4436 766 4509 rollriin
786 4462 827 4509 rx
850 4438 948 4509 trariis
959 4441 1087 4531 portis,
1116 4456 1288 4529 rrurrrquarn
1308 4438 1411 4522 edita,
1441 4460 1572 4533 quorum
1603 4443 1743 4532 prinum
1773 4434 1817 4534 rst

111 4551 282 4623 Stratonis.
332 4544 399 4611 Hic
423 4540 466 4613 ell
487 4542 612 4613 celeber
633 4532 688 4612 ille
709 4538 814 4613 codex
832 4536 1090 4631 Vofflanus.,ex
1111 4562 1178 4635 quo
1201 4538 1305 4610 multa
1325 4536 1489 4611 fluxerunt
1503 4543 1696 4639 apographa
1710 4562 1742 4613 et
1759 4566 1827 4615 e¹·.
1912 4620 1923 4627 .

111 4676 216 4749 eerpta
235 4644 324 4718 sassa
348 4640 438 4731 sunt3
464 4664 496 4716 et
515 4671 553 4716 ex
575 4644 688 4743 quibus
702 4646 832 4726 Bataui,
858 4640 956 4739 Angli
972 4642 1195 4735 Germanique
1209 4639 1324 4739 paffim
1338 4662 1370 4715 et
1385 4639 1473 4740 quast
1489 4650 1634 4717 certatim
1650 4670 1710 4743 per
1724 4670 1819 4719 occa·

109 4753 233 4827 liuntur
259 4749 466 4849 publicarunt
487 4752 733 4845 epigrammata.
785 4748 856 4830 Sic,
881 4736 983 4843 quum
998 4740 1125 4815 Voffius
1145 4750 1179 4815 in
1198 4743 1612 4845 hngliacommoraretur,
1636 4746 1818 4821 exVoffia·
1890 4819 1897 4829 X

110 4882 151 4927 nn
165 4855 281 4929 codice
298 4853 447 4927 Errare.
463 4846 782 4925 Barnar·drrr‘·librurn
805 4842 902 4921 suurn
926 4840 1092 4935 abraserit,
1119 4844 1204 4920 vnde
1223 4878 1242 4921 a
1264 4853 1359 4921 Rich.
1370 4848 1523 4921 'Bentleio
1543 4868 1576 4927 et
1597 4854 1631 4921 in
1651 4848 1819 4949 fragmen.

114 4964 144 5029 tir
167 4958 426 5033 Callirnaclti'et
447 4949 566 5029 differt.
580 4946 768 5029 Phalaridea
789 4948 902 5051 paffitu
919 4954 1054 5030 citatur.
1087 4950 1179 5053 quod
1202 4952 1393 5055 exemplum
1413 4950 1517 5029 bodie
1539 4979 1613 5055 pare
1636 4954 1681 5029 cll
1704 4953 1849 5026 biblin-x

154 5072 295 5143 Vol-[Vr
385 5130 391 5137 .
573 5115 578 5136 ,
1002 5057 1054 5127 lli
1476 5100 1481 5105 -
1706 5058 1819 5127 thecae
