4550 5717
651 484 656 493 ,
757 374 900 451 amri
931 328 1182 455 ammonas
1358 380 1518 459 urm.
1534 373 1661 455 ..aar
1763 398 1822 469 ιο,
1944 427 1962 445 ,

104 576 246 667 sl0r⁸)2
269 562 512 655 tumffibsseffl
533 556 659 650 “istria
684 560 759 637 10⁰⁸
779 583 934 661 cormpta
955 594 995 641 ert
1016 562 1076 643 suo
1104 576 1136 642 in
1162 574 1238 645 enin
1258 563 1414 659 restituit,
1446 596 1487 643 ex
1505 566 1606 642 Mss,
1620 566 1720 643 Palat.
1742 564 1820 639 alias

104 675 256 779 producit
269 676 447 757 laesiones,
472 666 638 741 interdum
658 671 693 739 iu
716 686 840 741 textum
862 666 1035 759 admissas,
1063 680 1132 745 Pari
1202 671 1260 760 su,
1284 678 1319 749 b.
1334 700 1363 749 e.
1379 674 1584 747 Morelianae
1604 670 1754 749 erhtionis
1774 670 1844 743 le·-

104 786 225 855 stiones
245 794 432 861 memorat,
458 766 551 872 saepe
564 766 706 849 refutat,
732 774 765 843 in
780 790 867 843 textu
881 772 943 844 alia
958 772 1097 875 reposita
1112 777 1273 850 meliore:
1297 779 1397 850 etiam
1412 780 1664 874 Stephanianarn
1681 767 1819 875 prostri·
1888 767 1894 778 ’

102 886 147 957 bit
160 883 336 957 lechonem
344 911 356 976 3
381 881 491 949 immo
505 900 583 947 vero
598 900 674 973 pag.
696 878 760 962 163.
782 872 911 949 advoc.
930 872 1128 968 rinharim,
1152 885 1242 965 „ita,
1268 885 1332 978 ait,
1359 877 1451 951 haiil.
1473 873 1569 953 Paris.
1590 899 1623 951 et
1642 881 1689 951 tt.
1707 878 1818 974 Stepla.

102 1009 134 1061 et
147 1006 181 1058 vt
194 990 303 1085 paucis
319 974 508 1065 absoluam,
530 976 606 1051 editi
622 978 714 1071 libri,
738 1002 821 1076 quor
834 974 899 1049 vidi
914 1004 1049 1054 omnes:
1076 987 1153 1082 quin
1176 1003 1210 1055 et
1228 984 1356 1055 Theon
1376 978 1459 1081 ipse:
1485 977 1574 1054 secur
1594 982 1818 1081 Hipparchus,
1830 1035 1851 1045 -

105 1094 159 1190 qui
174 1112 283 1160 tamen
298 1090 394 1157 huius
407 1084 473 1155 loci
487 1086 656 1178 getninatn
678 1075 778 1153 refert
798 1078 995 1172 let'lionem,
1023 1081 1121 1163 adra}
1143 1078 1176 1162 δ’
1195 1080 1402 1179 damasec,
1428 1106 1460 1158 et
1478 1080 1578 1163 αὐτοὶ
1594 1074 1627 1161 di
1645 1083 1817 1167 asarias,

103 1192 260 1291 posterior
273 1186 386 1261 Attalo
401 1184 506 1283 magis
523 1186 696 1281 probatur,
717 1188 806 1255 errius
822 1178 1015 1261 sententiam
1029 1180 1180 1262 corifutat
1196 1192 1444 1289 Hipparchus.“
1495 1190 1594 1259 Noua
1615 1192 1714 1284 igitur
1737 1181 1817 1258 Ara.

26 1378 27 1389 ,
103 1304 145 1370 tei
160 1300 259 1368 tex'tur
275 1288 419 1363 recensio
436 1283 517 1369 effe,
539 1307 570 1359 et
584 1282 725 1359 sorsana
742 1286 921 1385 Sylburgio
933 1286 1021 1367 faeta
1037 1291 1174 1389 videtur.
1227 1296 1305 1391 rag.
1320 1297 1381 1381 ιδ]
1395 1288 1462 1393 sqq.
1479 1292 1520 1363 G.
1534 1294 1694 1395 Ceporini
1713 1314 1816 1367 anno·

26 1402 28 1445 ³
104 1395 295 1474 ratiunculae
318 1401 352 1466 in
366 1396 457 1465 Arati
478 1394 707 1489 phaenomena
730 1384 918 1491 sequuntur.
1897 1371 1905 1403 ‘

200 1532 308 1605 Arati
322 1529 539 1599 Phaenomenis
559 1552 637 1599 cum
659 1527 788 1599 Leontii
812 1522 946 1624 sphaera
965 1544 997 1599 et
1019 1526 1126 1601 Procli
1150 1548 1248 1628 atque
1267 1555 1345 1603 cum
1359 1526 1615 1629 metaphrasibus
1630 1529 1813 1615 Ciceronis,

26 1668 28 1689 .
104 1637 284 1714 Germanici
299 1630 330 1705 et
343 1634 461 1705 Auieni
477 1656 516 1700 ac
532 1632 663 1728 poetico
677 1624 913 1715 allroaomico,
937 1632 972 1699 in
988 1628 1225 1703 Allronomicia
1240 1654 1403 1723 veterum,
1421 1662 1440 1709 a
1455 1632 1706 1707 incommune
1720 1627 1813 1703 editis

106 1770 174 1817 anu.
190 1744 275 1833 158‘9.
289 1751 323 1819 8.
338 1750 598 1807 memorantura
615 1732 761 1805 Fabricio
776 1750 807 1803 et
820 1730 950 1804 Bultlio.
1001 1734 1055 1804 An
1073 1732 1190 1809 eadem
1213 1732 1259 1809 est
1280 1733 1381 1811 editio
1396 1762 1475 1811 curn
1492 1762 1549 1823 ea,
1574 1760 1676 1835 quarn
1699 1758 1740 1806 ex
1758 1726 1812 1805 os·

25 1900 27 1933 ,
108 1847 195 1919 licina
209 1834 469 1913 sauciandi-esna
485 1830 654 1935 prodiisse,
680 1832 786 1908 mado
801 1834 996 1909 retulimus?
1046 1836 1134 1909 Nam
1160 1836 1250 1911 idem
1273 1838 1399 1939 insigne
1418 1840 1717 1940 typographicum,
1743 1860 1812 1934 quo

25 1996 26 2001 κ
109 1942 173 2021 rsus
184 1945 225 2019 esl
238 1938 490 2026 Commelinua,
512 1945 547 2011 in
561 1934 673 2011 fronte
686 1936 761 2009 edit.
780 1934 1078 2026 Sanslandreanae,
1103 1945 1170 2033 aeri
1186 1936 1322 2015 incisum
1336 1938 1544 2043 conspicitur.
1596 1944 1649 2011 An
1669 1944 1704 2010 in
1716 1932 1810 2010 fron·

25 2042 27 2065 ¹
109 2072 138 2125 te
150 2050 283 2123 aliorum
298 2042 550 2146 exemplarium,
577 2042 838 2126 commelinianae,
861 2045 895 2113 in
909 2038 1067 2130 aliorum,
1082 2044 1357 2153 Sanisendrearrqe
1369 2046 1521 2123 officinae
1533 2069 1659 2117 nomen
1673 2040 1814 2113 errllititi

192 2186 287 2258 Noua
313 2174 567 2281 quodammodo
590 2170 732 2250 obscuris
756 2177 881 2249 Arateis
907 2174 988 2249 locis
1008 2198 1120 2251 exorta
1141 2176 1187 2251 esl
1204 2175 1263 2251 lux
1286 2206 1351 2277 ope
1372 2178 1493 2253 codicis
1507 2182 1581 2250 MS.
1598 2182 1633 2249 in
1654 2175 1811 2271 lingonis

111 2288 220 2371 Grotii,
247 2290 376 2369 Bataui,
400 2285 609 2379 syntagmati
625 2280 839 2363 Atattoruttt,
866 2278 956 2377 quod
973 2274 1111 2353 sedecim
1130 2286 1184 2353 vix
1200 2308 1304 2355 annor
1322 2308 1417 2355 natus
1436 2278 1562 2377 losephi
1576 2281 1732 2377 Scaligeri
1752 2302 1809 2351 au·

109 2387 199 2489 spiciis
214 2388 314 2465 edidit
322 2384 481 2485 'Lugduni
498 2390 654 2457 Batauor.
667 2408 708 2456 ex
723 2382 844 2457 officin.
861 2382 1000 2455 Plantin.
1025 2382 1113 2483 apud
1135 2384 1323 2484 Chrisloph.
1341 2386 1546 2485 Rapheleng.
1568 2391 1664 2457 1600.
1683 2405 1715 2472 4.
1740 2378 1807 2456 vid.

111 2497 226 2567 Gottzii
240 2496 387 2569 Memor.
401 2490 546 2561 biblioth.
561 2484 677 2574 Dresd.
691 2507 773 2588 part.
788 2490 844 2559 lll.
861 2510 938 2585 pag.
955 2510 1023 2579 543.
1050 2488 1206 2589 Butigtsy
1218 2493 1278 2567 Vic
1293 2486 1334 2565 dc
1349 2493 1496 2581 Grotius,
1520 2508 1603 2591 part.
1618 2492 1643 2561 l.
1663 2510 1739 2588 pag.
1753 2507 1832 2578 27.—

110 2600 248 2697 Fttytrg.
264 2596 349 2671 anal.
364 2616 438 2697 pag.
454 2616 530 2689 399.
676 2619 680 2629 ·
1005 2596 1011 2605 '
1445 2608 1449 2617 ·
1672 2627 1675 2636 ·

193 2734 312 2805 fabric.
328 2728 370 2803 de
386 2732 447 2801 hac
460 2724 604 2799 editione
618 2750 675 2810 ea,
688 2719 992 2827 ¹quaesequuutur,
1015 2730 1161 2805 notauit:
1181 2719 1246 2818 „ln
1264 2729 1329 2809 hoc
1342 2754 1460 2833 graeca
1474 2727 1632 2830 leguntur
1643 2750 1722 2799 cum
1735 2748 1805 2797 me·

108 2832 271 2937 taphraseos
286 2824 743 2923 Ciceronianae'sragmentie,
760 2826 929 2929 separatim
945 2824 1129 2924 subiunslis,
1145 2856 1177 2906 et
1193 2836 1242 2909 rbi
1257 2840 1339 2911 haec
1353 2836 1520 2920 deliciunt,
1546 2837 1652 2909 Grotii
1668 2832 1804 2926 ingenio
1913 2820 1920 2829 ¹

107 2936 260 3039 suppletis.
285 2954 358 3011 turn
372 2938 559 3008 Germanici
573 2931 768 3033 metaphrasi
783 2927 895 3007 iridem
918 2927 1051 3008 seorsim
1074 2930 1235 3025 subnexa,
1258 2966 1335 3013 cum
1361 2941 1555 3037 imaginibus
1577 2934 1741 3009 aslrorurn
1763 2955 1803 3002 ex
1852 2970 1857 2984 »
1983 2960 1988 2967 ·

107 3051 189 3121 vereri
204 3040 337 3145 quidem
351 3038 532 3137 depromsit
546 3032 677 3122 codice,
700 3032 753 3109 sed
769 3058 902 3109 naturae
916 3062 1028 3111 rerum
1042 3066 1079 3111 ac
1099 3062 1245 3113 veterum
1263 3048 1413 3143 opinioni
1433 3040 1524 3140 saepe
1540 3065 1658 3139 parum
1671 3030 1804 3133 respon·

107 3146 244 3221 dentibus.
295 3146 619 3219 HincGroriinotae
635 3134 857 3239 sequunturin
872 3144 1027 3227 Aratum,
1054 3148 1269 3229 Cir-etonem,
1295 3168 1392 3246 atque
1409 3147 1655 3219 Germanicum.
1705 3120 1806 3209 Dent!

107 3278 159 3351 que
172 3248 307 3352 sequitur
321 3242 533 3343 metaphrasis
550 3246 652 3329 tertia,
667 3248 796 3315 Auieno
812 3243 957 3327 audiore,
973 3268 1049 3314 cum
1061 3247 1170 3317 Grotii
1182 3245 1331 3319 breuibus
1346 3254 1445 3337 noris,
1458 3249 1498 3319 ad
1514 3242 1654 3341 singalas
1668 3246 1801 3337 paginas

103 3355 253 3431 adiundiis.
307 3356 395 3447 Nam
413 3348 602 3423 Laurentius
615 3342 759 3419 Lundiur
774 3342 906 3445 quidem
920 3339 1063 3429 fallitur,
1088 3350 1144 3448 qui
1165 3354 1198 3419 in
1214 3349 1413 3449 compendio
1429 3351 1648 3426 Bibliothecae
1665 3366 1802 3442 graecae
1832 3436 1837 3442 ι

103 3459 257 3545 adfirmat,
282 3482 399 3556 graeca
413 3478 546 3554 quoque
561 3444 682 3522 scholia
698 3456 731 3522 iu
750 3450 856 3522 Grnrii
873 3446 1017 3521 edirone
1033 3450 1108 3545 legi.
1160 3450 1295 3525 Fallitur
1316 3460 1415 3533 etiam
1431 3451 1717 3531 Heidenreicbius,
1744 3450 1801 3547 qui

101 3566 131 3633 in
145 3561 300 3638 Pandedlis
316 3555 607 3655 andenburgicia
622 3556 689 3640 ait,·
711 3558 849 3624 Aratum
865 3578 941 3625 cum
958 3552 1028 3623 aliis
1042 3546 1249 3653 scriptoribus
1266 3554 1364 3629 latine
1386 3556 1549 3643 redditum
1571 3582 1588 3625 a
1611 3555 1706 3640 lunio
1721 3554 1800 3622 l'au·
1832 3598 1837 3603 -

100 3662 257 3740 loCrasl'o.
311 3668 375 3751 l'ro
396 3666 499 3735 Arato
519 3665 608 3731 enim
634 3662 809 3729 Aretaeum
832 3654 937 3749 dicere
959 3654 1078 3729 debuit.
1132 3658 1275 3732 Fuerunt
1293 3662 1398 3735 Grotii
1414 3667 1528 3734 Aratea
1550 3664 1585 3730 itt
1604 3653 1798 3727 bibliotheca

101 3772 173 3841 l’etri
188 3774 209 3843 F
212 3773 309 3845 rancii
325 3766 445 3841 collata'
457 3790 533 3835 curn
552 3780 615 3833 vet.
631 3758 740 3835 coda
755 3762 826 3833 Nic.
847 3754 999 3843 Heinsio,
1025 3779 1056 3831 et
1072 3786 1089 3829 a
1104 3758 1177 3833 viro
1191 3760 1250 3836 illo
1265 3758 1451 3839 doetithmo
1465 3754 1798 3842 animaduersionibus

100 3872 289 3973 locupletata.
301 3882 318 3916 “
358 3872 538 3953 haetenus
556 3867 681 3938 Febris.
735 3860 812 3937 add.
827 3860 871 3937 cl.
886 3862 1026 3935 Scluibts
1037 3860 1214 3939 allrouotrt.
1229 3866 1389 3967 Bibliogt.
1412 3888 1495 3941 tom.
1511 3866 1536 3939 l.
1559 3888 1634 3966 pag.
1651 3884 1714 3949 244
1730 3852 1799 3959 sqq.

100 3976 186 4051 Harl.
1800 4012 1805 4015 -

187 4116 385 4211 incorpore
403 4052 778 4203 pistarnm'graecortrm
799 4120 877 4175 vett.
895 4100 1046 4175 carminis
1066 4098 1209 4190 heroici,
1240 4121 1316 4179 cura
1341 4122 1375 4179 et
1393 4096 1581 4177 recensione
1603 4102 1670 4170 Ias.
1687 4090 1800 4175 Lahir,

24 4294 26 4319 μ
101 4231 174 4289 tom.
189 4220 212 4288 l.
239 4240 313 4313 pag.
330 4220 389 4305 619
401 4250 449 4265 -
460 4214 532 4297 636.
560 4233 714 4279 unacum
732 4208 843 4305 paucis
858 4206 900 4278 V.
918 4209 952 4277 L.
967 4211 1001 4275 in
1016 4210 1166 4303 margine
1179 4206 1348 4306 adpositis,
1370 4205 1445 4281 sunt
1456 4206 1557 4280 Arati
1569 4204 1799 4281 uninomina,

24 4324 26 4443 p
100 4320 147 4405 (er
159 4322 305 4417 Stephani
321 4310 509 4389 recensione
523 4308 619 4385 recus
634 4310 665 4401 .)
691 4313 845 4383 Geneuaa
859 4301 898 4400 (s.
914 4306 1065 4381 Aureliae
1077 4307 1270 4407 Allobrog.)
1297 4316 1390 4385 1606.
1405 4304 1466 4382 sol.

187 4460 311 4533 CJnh·
331 4458 458 4555 Hygini
489 4490 541 4510 -·
570 4422 765 4545 Pasncpsrati
796 4486 846 4505 ·-
861 4429 1049 4543 'Fusgmiit'
1069 4445 1144 4522 libr.
1179 4449 1343 4520 Phoruats'
1371 4446 1412 4523 de
1441 4466 1555 4521 natura
1578 4443 1719 4519 deorum
1745 4482 1799 4501 -·

24 4550 26 4559 ’
99 4562 228 4649 Albriri,
249 4555 365 4663 philos.
387 4558 428 4633 de
447 4554 588 4679 deorum
607 4554 804 4653 imaginibus
822 4551 922 4642 liber3
953 4552 1058 4625 Arati
1086 4539 1300 4654 φαιῖομὲνων,
1318 4546 1567 4653 fragmentum,
1597 4544 1798 4723 Gergranspp'o
1847 4554 1851 4561 ’

1550 4669 1556 4684 “
1690 4677 1726 4723 ae
1777 4673 1796 4724 e

24 4830 26 4887 Ι
137 4866 172 4936 z)
188 4864 340 4927 Witeltind
362 4884 416 4949 per
436 4866 585 4941 integrum
607 4854 672 4923 iere
695 4854 842 4943 posterius
864 4854 911 4921 di·
955 4828 1044 4941 giram
1061 4838 1103 4940 aa.
1118 4876 1149 4924 et
1163 4856 1322 4937 mathesin,
1344 4836 1500 4947 rescripsit
1518 4862 1555 4925 de
1566 4852 1691 4949 iphaeta
1709 4882 1794 4929 mun·
1884 4860 1888 4868 ’

24 4890 28 5039 l
102 4947 216 5049 atilium
229 4948 376 5017 herulum
388 4952 468 5017 XVL
490 4944 710 5033 lisidslbergae
731 4946 834 5015 deerat
854 4944 911 5015 liu·
954 4946 986 5012 di
1002 4950 1321 5035 ettemparisrationc
1336 4952 1416 5035 apud
1433 4952 1624 5021 Christianos.
1720 5028 1723 5035 Ι

24 5090 26 5147 l
