4550 5717
359 415 365 422 .
626 357 996 485 ‘annnoroone
1015 341 1317 506 'tLuNVDEAh
1362 343 1739 494 arani-..tumr
1788 345 1888 486 or.
1979 480 1989 497 ,
2059 457 2062 464 ,

122 584 270 656 Gratero
296 580 425 663 iuniot,
452 572 481 651 li
507 565 684 678 exscripsit
701 570 851 650 codicem
885 572 1127 657 Hermaeum.
1161 570 1314 680 sequutus
1342 575 1387 654 ell
1416 603 1482 682 apo
1507 573 1649 684 taphum
1676 581 1846 684 quoddam

20 740 21 746 ,
122 683 404 778 saunahanum„
423 686 516 755 cuius
538 687 672 782 copiam
695 682 956 780 Dani-leinliur
977 711 1005 754 a.
1018 682 1187 782 &aligero
1208 689 1410 786 impetrarat.
1471 607 1671 764 Phobabiliua
1693 711 1804 762 tamen
1826 715 1850 762 e
1948 666 1954 678 ⁸

122 784 411 864 codicellolhauo
432 784 616 876 dodinaell
637 782 815 886 Liplienstt.
867 791 934 861 Hie
952 809 1065 862 autem
1088 795 1236 885 primum
1258 791 1487 890 aCupero.ad
1505 787 1844 890 Visenbachium‘per·
1900 838 1903 846 ·

124 899 233 975 venit,
259 913 292 968 et
305 889 383 1002 inde
396 917 475 962 cunr
499 893 716 978 ceremoniali
730 889 937 964 Conslantini
953 890 1105 993 Lipliam.
1156 897 1267 992 Qare
1284 921 1394 995 ¹quum
1411 901 1439 968 Ι.
1460 897 1502 968 H.
1521 883 1709 974 Maian-et
1728 895 1845 977 Reisltr,
1869 893 1875 906 '

123 996 229 1072 illeia
246 995 326 1088 bibl.
342 997 455 1071 MSSt.
469 989 664 1067 Vffenbach.
686 997 740 1066 hic
764 1000 797 1064 in
814 1000 906 1068 initio
923 996 1021 1094 primi
1035 993 1149 1068 millite
1165 1004 1197 1084 in
1211 1008 1306 1073 uouit
1322 993 1461 1072 Miscell.
1477 995 1626 1094 Lipsiens.
1644 983 1724 1072 etin
1742 995 1842 1094 praes.

125 1099 165 1172 ad
187 1100 264 1176 edit.
283 1099 450 1198 Cephalae
472 1125 533 1175 nee
555 1125 624 1170 non
646 1101 794 1168 Leithitrs
812 1103 848 1173 in
871 1094 976 1200 praes.
993 1097 1034 1172 ad
1056 1125 1157 1191 carm.
1181 1095 1372 1197 sepulcralia
1394 1127 1468 1200 pag.
1485 1094 1528 1174 rit
1551 1101 1593 1202 lq.
1621 1107 1687 1174 iam
1711 1097 1843 1201 copiose

123 1199 322 1302 disputarint
345 1207 386 1274 de
409 1203 492 1290 illo,
524 1201 678 1302 equidem
702 1205 757 1272 hic
779 1201 863 1275 nolo
888 1199 952 1277 else
973 1201 1107 1276 multus.
1170 1208 1217 1276 Ex
1242 1199 1502 1291 Vffenbacbiano
1527 1209 1627 1278 MSto
1650 1209 1844 1302 exemplum

124 1306 186 1380 sibi
204 1304 317 1380 sumlit
337 1310 556 1414 Strinlttilittsx,
586 1304 677 1406 qnod
699 1309 732 1379 in
754 1305 904 1387 manibus
924 1309 1042 1398 habui3
1080 1328 1112 1382 et
1134 1311 1253 1381 Maius
1277 1305 1376 1410 ipsep·
1395 1318 1488 1382 cuius
1517 1308 1711 1408 exemplum
1739 1311 1783 1384 ell
1808 1315 1843 1386 ia

123 1412 323 1489 bibliotheca
336 1408 489 1507 Giell'enli
502 1433 600 1510 atque
613 1438 633 1481 a
645 1417 718 1482 viro
733 1409 881 1508 quodam
900 1409 1003 1484 dotto
1019 1417 1054 1482 in
1067 1412 1142 1484 bibl.
1158 1403 1382 1512 philologica,
1409 1416 1479 1486 vol.
1494 1417 1546 1484 lll.
1574 1412 1697 1514 Lipstae
1712 1430 1790 1502 ¹78¹·
1805 1430 1841 1504 3.
1940 1415 1943 1430 ”

123 1540 207 1620 part.
224 1519 248 1587 l.
276 1510 468 1618 pag.4sqq.
496 1542 566 1587 non
589 1515 697 1586 moilo'
715 1509 935 1614 descriptum,
970 1511 1023 1588 sed
1046 1520 1145 1588 etiam
1168 1524 1275 1592 variae
1293 1514 1471 1602 lec‘lionca,
1503 1542 1580 1588 cum
1602 1521 1753 1589 htuncltii
1777 1519 1845 1590 edi.

123 1627 214 1696 tione
234 1639 463 1714 comparatae,
487 1617 563 1705 inde
585 1641 753 1703 enotatae,
777 1626 873 1720 atque
895 1607 1105 1692 'continuatae
1129 1616 1254 1692 suntin
1276 1648 1367 1692 noua
1389 1623 1533 1692 biblioth.
1558 1620 1721 1722 philolog.
1737 1641 1768 1693 et
1782 1627 1842 1693 cri·

125 1731 204 1808 tica,
231 1729 410 1823 Gottingae
433 1738 523 1808 ηερ.
543 1722 609 1794 vol.
630 1727 654 1791 l.
670 1718 767 1808 ,salo
780 1726 802 1794 l.
828 1749 901 1820 pag.
914 1749 950 1812 or
962 1718 1030 1823 sqq.
1062 1743 1095 1794 et
1123 1711 1230 1797 fascic's
1247 1723 1286 1797 ll.
1313 1749 1388 1824 pag.
1405 1751 1459 1817 193
1473 1747 1605 1818 5-220.
1631 1765 1688 1780 —·
1706 1731 1743 1797 ln
1761 1726 1840 1802 Bibl.

124 1826 272 1902 Leidenli
287 1833 370 1900 inter
382 1826 480 1906 codd.
494 1825 666 1898 Votlianos
681 1822 754 1896 sunt
771 1854 905 1928 quoque
919 1833 953 1898 in
969 1826 1043 1900 cod.
1057 1829 1141 1898 mv.
1164 1853 1235 1926 pag.
1256 1843 1327 1920 398.
1352 1832 1584 1923 epigrammata
1602 1851 1739 1924 graecu.
1762 1833 1842 1902 item
1856 1797 1884 1828 κ

123 1959 202 2006 cum
236 1927 385 2014 scholiis,
422 1954 455 2003 et
476 1935 509 2000 in
530 1929 605 2003 cod.
621 1932 722 1999 xvh.
746 1946 822 2029 pag'.
837 1934 1040 2030 402.epigr.
1060 1929 1220 2031 quaedam
1244 1957 1371 2030 graeca.
1406 1972 1455 1986 -
1489 1927 1701 2008 Ciislt'trt'atrut
1725 1931 1843 2020 codex,
1894 1973 1900 1984 κ
2015 1961 2017 1968 ’

124 2043 214 2110 cuiue
242 2031 467 2109 Montfaucon
494 2037 528 2104 in
548 2031 642 2106 catal.
658 2034 797 2110 Coialin.
826 2061 899 2132 pag.
917 2039 1184 2129 §tojrneminim
1212 2061 1252 2106 ex
1277 2037 1481 2130 Anthologia
1509 2031 1628 2110 formia
1651 2031 1768 2108 excusa
1787 2035 1841 2108 de·

124 2137 261 2239 scriptus
284 2140 410 2214 ridetur
430 2141 563 2213 Leiohio
585 2143 617 2208 in
643 2133 746 2236 praef.
769 2165 843 2237 pag.
862 2140 915 2214 Xl.
948 2144 1005 2240 qui
1032 2143 1131 2211 etiam
1163 2164 1239 2236 pag.
1257 2139 1327 2210 llll.
1357 2161 1523 2210 memorat
1548 2137 1719 2240 exemplar
1741 2141 1786 2217 G.
1804 2139 1841 2211 C.

129 2247 281 2328 Gotrzii,
312 2240 507 2341 Lipsiensis,
534 2269 553 2313 e
581 2237 703 2314 schedia
727 2240 954 2320 Hollleniania'
981 2237 1190 2339 descriptum.
1229 2239 1351 2338 'Quod
1373 2242 1525 2316 Doruille
1550 2243 1712 2343 quaedam
1736 2243 1841 2340 publi.
1900 2282 1907 2298 a
1968 2229 1973 2242 ⁹
2065 2189 2072 2245 Ἰ

126 2356 211 2422 cauit
232 2355 490 2448 epigrammata,
515 2351 653 2445 quaein
679 2346 810 2444 reliquia
831 2346 919 2426 hand
938 2347 1097 2442 leguntur
1116 2339 1336 2444 apographis,
1363 2345 1396 2418 id
1422 2347 1504 2418 nihil
1524 2347 1563 2420 ad
1588 2373 1660 2418 rem
1683 2341 1761 2418 facit
1787 2346 1842 2419 de·
1889 2393 1891 2409 .

127 2457 338 2526 cernendam.
363 2456 478 2546 ¹Nam
501 2451 616 2535 illum,
638 2449 781 2532 conllat,
809 2445 915 2547 ipsum
935 2451 1066 2523 Romae
1088 2447 1238 2522 codicem
1262 2449 1443 2522 Palatinum
1464 2473 1614 2522 accurate
1633 2445 1842 2549 descripsisse,
1943 2459 1947 2464 “
1974 2482 1981 2489 “

128 2583 318 2656 nouamque
340 2557 391 2647 (vt
409 2559 475 2627 iam
504 2555 720 2643 memoraui)
747 2573 918 2655 paraturus
939 2573 1008 2654 etat
1026 2551 1217 2628 editionem.
1268 2552 1413 2628 Schedae
1434 2577 1544 2627 autem
1567 2554 1651 2628 illiue
1667 2553 1851 2656 postumo.

128 2670 191 2734 tet'n
214 2671 248 2733 in
271 2664 472 2732 Britanniam
490 2661 533 2730 ad
558 2655 697 2732 heredet-
713 2654 856 2744 delatae,
881 2683 961 2735 num
982 2655 1091 2730 adhuc
1110 2651 1237 2730 illaesae
1259 2653 1431 2760 supersint,
1457 2680 1513 2731 aut
1530 2657 1689 2758 quoloco
1704 2663 1736 2728 in
1754 2683 1841 2754 prae-
1933 2738 1935 2745 ¹

128 2763 203 2840 senti
239 2766 380 2858 labeant,
415 2760 576 2865 equidem.
599 2766 730 2860 ignoro.
795 2759 946 2835 Adeunt
969 2756 1101 2836 miserat
1125 2767 1146 2833 l.
1165 2766 1203 2836 h.
1219 2765 1382 2834 Fabricius
1403 2753 1683 2860 epigrammatum
1708 2787 1842 2860 graeco·
1886 2797 1888 2802 ·
1999 2783 2002 2790 ·

129 2895 201 2942 runt
226 2895 312 2941 mata
331 2868 399 2939 duo
422 2890 530 2939 vetera
549 2885 583 2937 et
601 2887 696 2938 notar
723 2861 857 2936 ineditas
880 2871 1027 2937 virorum
1052 2864 1237 2940 dodlorum.
1269 2863 1338 2952 vid.
1349 2867 1482 2936 Fabricii
1498 2864 1625 2958 hiram,
1645 2894 1664 2937 a
1682 2867 1840 2936 Reimaro
1935 2883 1937 2886 ·

129 2968 301 3070 scriptam,
327 2998 405 3071 pag.
419 2995 466 3063 57.
519 2964 642 3043 Forsan
661 2968 802 3042 alterum
823 2963 885 3040 suit
905 2967 956 3054 id,
983 2967 1072 3065 quod
1100 2989 1270 3066 acceperat
1289 2967 1409 3038 Fabric.
1426 2996 1445 3038 a
1463 2971 1509 3040 lo.
1528 2967 1664 3066 llaptilla
1678 2962 1841 3042 Desorset.

128 3076 190 3152 vid.
212 3076 332 3149 ibidem
355 3101 430 3176 pag.
446 3099 518 3164 247.
545 3113 600 3130 -
631 3075 671 3144 ln
697 3068 773 3143 cod.
799 3069 945 3170 quodam
971 3072 1206 3168 Vindohotrrnfi
1234 3066 1296 3141 ell'e
1327 3076 1572 3168 epigrammata
1594 3067 1841 3170 ἀνεπίγραφα,

128 3188 333 3255 coniecerant
350 3207 388 3252 ex
398 3175 682 3278 GeorgiiWallini
696 3171 831 3271 epillola
846 3174 885 3246 ad
902 3171 1067 3247 Crolium.
1094 3171 1159 3246 trid.
1174 3169 1276 3246 Thes.
1294 3173 1450 3270 epillolic.
1468 3177 1706 3246 Lacrozianunt
1723 3174 1804 3253 tom.
1818 3179 1843 3248 Ι.
1942 3225 1945 3230 -
2004 3206 2017 3286 s

26 3327 29 3331 >
129 3311 201 3384 pag.
218 3309 291 3375 344.
343 3293 402 3366 ht,
427 3309 531 3384 quum
546 3279 607 3355 cel.
626 3281 793 3362 Alterum,
821 3275 909 3351 Prof.
928 3283 1032 3357 LGt.
1048 3284 1080 3350 in
1098 3271 1235 3350 attiners.
1255 3275 1398 3352 Vindob.
1416 3303 1473 3376 per
1487 3276 1610 3350 litteras
1625 3275 1766 3362 adirem,
1793 3281 1842 3349 tit

130 3389 182 3460 ille
196 3385 451 3473 humanilhmua
463 3376 640 3486 respondit,
666 3383 708 3454 ibi
729 3409 798 3456 non
808 3381 933 3461 callare
948 3381 1022 3460 cod.
1039 3383 1165 3454 anthol.
1180 3409 1229 3480 gr.
1254 3383 1541 3479 hnthologium,a
1560 3377 1699 3454 Nelselio
1717 3407 1844 3453 memo·

130 3517 257 3574 ratum,
283 3487 345 3566 elle
367 3491 488 3564 librum
513 3481 759 3562 ecclesiasticum
777 3491 1001 3567 Graecorum,
1027 3482 1133 3586 neque
1156 3487 1418 3588 philologicum:
1446 3481 1476 3557 se
1500 3505 1609 3558 tannen
1625 3491 1659 3556 in
1675 3485 1747 3556 coil.
1763 3485 1855 3583 phil.
1916 3563 1918 3577 Ι

129 3599 273 3670 cccxl.
295 3595 382 3702 apud
396 3591 515 3668 Nelsel.
532 3587 679 3695 reperisse
693 3590 855 3664 nonnulla
876 3597 1075 3693 epigramm.
1088 3616 1139 3689 gr.
1164 3597 1332 3664 variorum
1356 3581 1503 3696 valterum
1517 3597 1599 3689 audi.
1623 3595 1656 3663 in
1669 3591 1843 3661 tv-VL
1965 3658 1968 3666 ,
2055 3651 2061 3661 .

129 3697 189 3774 sol.
216 3729 234 3771 a
257 3697 401 3773 Nellelio
422 3695 550 3772 omissa.

233 3858 350 3926 Romae
366 3879 503 3954 quoque
523 3849 567 3925 ell
589 3856 622 3921 in
645 3842 1084 3922 bibliothecrdBarhtritriarre
1104 3851 1355 3949 apographum,
1381 3843 1608 3945 quodahllatio
1624 3864 1656 3930 et
1670 3841 1847 3916 Holllenio

128 3957 257 4062 praello
281 3953 362 4047 fuit,
389 3952 441 4037 sed
466 3956 545 4028 illud
569 3951 654 4026 rode
675 3947 820 4028 sumtum
840 3946 955 4033 suerit,
976 3951 1115 4024 dubium
1133 3951 1302 4024 nonnullis
1320 3947 1493 4048 videbatur,
1528 3959 1589 4024 »ht
1606 3954 1671 4020 iam
1685 3952 1846 4020 Gesnerut

129 4071 163 4135 in
179 4061 288 4134 Relat.
302 4065 452 4158 Gotting.
469 4061 492 4136 l.
509 4087 544 4141 c.¹
560 4085 635 4157 pag.
650 4071 717 4146 138.
733 4079 764 4129 et
777 4058 955 4127 brunchius
974 4051 1077 4156 praef.
1105 4080 1179 4153 pag.
1199 4057 1268 4132 Xll.
1291 4053 1480 4136 diuinarum
1499 4072 1538 4124 et.
1552 4049 1641 4152 quali
1664 4049 1848 4128 edixerunt,

129 4189 305 4262 atrumque
324 4169 512 4236 authentico
531 4164 590 4235 illo
604 4157 871 4258 Heidelbergenst
885 4154 949 4232 elle
969 4155 1052 4232 usos.
1096 4163 1256 4230 ‘Certiora
1271 4180 1379 4232 tamen
1394 4159 1476 4229 mihi
1494 4179 1551 4254 per
1568 4155 1696 4228 litteral.
1718 4157 1848 4226 Romae

132 4269 286 4371 postridie
309 4295 425 4361 nonar.
444 4271 525 4342 Mai.
548 4282 639 4358 1789.
659 4286 821 4364 exaratae.
841 4256 1037 4360 significauit
1056 4264 1098 4340 cl,
1113 4255 1229 4334 Stlrottr.
1256 4265 1331 4355 (qui
1364 4267 1395 4334 in
1424 4251 1849 4358 praesentirnniuetlitatem
1916 4301 1921 4315 κ
1951 4303 1954 4310 Α

132 4395 229 4449 ornat
255 4367 498 4459 ilasniensem.)
550 4373 751 4467 Nequeego
772 4372 937 4463 ingratum
961 4392 1024 4438 me·
1038 4362 1149 4444 secill'e
1171 4367 1345 4438 ledloribu's
1368 4367 1525 4448 arbitror,
1552 4361 1646 4462 quod
1659 4361 1848 4460 longiorem

133 4505 177 4552 ert
188 4478 252 4550 illis
267 4479 460 4576 particulam
478 4478 542 4548 huc
557 4470 714 4569 transtuli.
749 4473 831 4564 (Diu
846 4473 926 4541 haec
940 4465 1148 4572 scripseram,
1174 4497 1276 4567 quum
1293 4476 1325 4542 in
1341 4473 1419 4568 eph,
1434 4453 1663 4568 lit‘tslegisletn.
1685 4464 1727 4538 cl.
1741 4465 1851 4536 Schera
1929 4455 1935 4476 ¹

133 4587 167 4654 in
181 4584 340 4685 peculiari
355 4606 481 4653 cotum.
496 4577 537 4650 de
551 4575 610 4649 illo
629 4573 702 4648 cod.
716 4599 823 4672 nuper
836 4569 955 4674 egisse:
977 4597 1010 4647 at
1025 4599 1090 4672 ego
1109 4571 1259 4657 nondum
1277 4573 1340 4645 vidi
1365 4570 1486 4664 illam.)

20 4788 21 4791 ¹
166 4793 170 4798 ·
235 4743 654 4852 ,Praesentitemporein
679 4756 911 4856 apographum
934 4749 1015 4827 illud
1038 4752 1163 4826 celebre
1186 4750 1440 4840 Holllenianum
1464 4753 1611 4846 inquiro,
1644 4754 1676 4820 in
1699 4773 1766 4848 quo
1787 4749 1854 4846 epi·

137 4888 324 4962 grammata
349 4887 466 4974 gpaeca
487 4865 717 4942 continentur,
743 4857 899 4958 quodque
927 4854 993 4956 ipse
1018 4857 1208 4928 llollleniua
1232 4853 1397 4927 interdum
1419 4875 1450 4923 vt
1476 4851 1623 4934 codicem
1641 4855 1855 4926 bibliothecae
1975 4891 1979 4900 ·

136 4971 300 5056 barberio.
324 4971 413 5038 citat.
464 4962 501 5036 ld
522 4986 632 5037 aurem
656 4965 887 5075 apographum
911 4955 1155 5134 trmalscriptutn
1180 4954 1313 5060 ellipse
1336 4957 1500 5056 llolllen'ii
1520 4955 1641 5060 manu,
1673 4981 1758 5058 quae
1775 4977 1857 5124 oport

258 5083 262 5088 ’
761 5147 769 5156 .
913 5085 939 5163 ·““
1017 5070 1091 5136 iia
1708 5060 1858 5155 agnoci·
1914 5131 1923 5152 ἱ
