4550 5717
440 327 516 462 ’με
582 364 973 506 ratrrrerrrru.
1070 365 1230 444 urens
1262 365 1597 448 ruruonocnr
1661 351 1676 486 ᾗ
2181 371 2212 394 ..

457 580 493 640 et
512 586 586 666 pag.
599 526 655 662 94.
678 518 802 635 itineris
819 501 872 632 sui
890 554 969 632 edit.
984 523 1206 739 germanicae,
1224 587 1245 632 a
1262 543 1474 634 Menodierio
1495 546 1636 632 suniae.
1693 529 1792 632 idem
1807 556 1957 644 tollatur,
1992 555 2168 634 Florentiae

456 677 494 748 in
514 667 591 744 bibl.
611 663 760 740 medicea
780 657 977 765 descripsisse
1010 691 1028 735 e
1049 658 1276 762 inscriptiones
1297 665 1458 739 eiusmodi
1480 691 1611 764 graecas
1630 657 1820 764 quindecim
1839 691 1881 736 ex
1901 666 2112 750 membrana,
2138 669 2185 736 in·
2246 667 2247 722 i

458 799 525 878 qua
547 771 735 893 Monachus
746 767 891 883 ,quidam
914 789 989 842 ante
1009 765 1267 891 quadringentos
1287 767 1339 841 vel
1361 774 1556 870 quingentos
1578 795 1682 842 anuos
1703 771 1775 842 illas
1797 764 2009 867 congesserat.
2064 773 2170 872 licque

365 905 369 910 ·
457 883 530 956 heri
557 875 611 948 ecl
631 871 750 946 nudius
771 878 884 947 tertius
907 875 1039 974 probari
1059 867 1199 973 coepisse
1222 866 1364 944 studium
1387 872 1469 946 illud
1486 875 1650 974 epitaphia
1672 894 1704 946 et
1724 893 1847 946 veteres
1864 868 2087 973 inscriptiones
2099 899 2170 944 con·

459 975 611 1067 sulendi,
628 973 701 1052 satis
723 998 812 1080 patet
833 1003 877 1051 ex
902 974 1100 1065 Herodoto,
1125 974 1289 1070 Dionysio
1305 976 1472 1078 Halicam.
1487 973 1641 1051 Pausania
1660 973 1807 1077 aliisque,
1828 975 1868 1050 ad
1888 978 2019 1051 illarum
2037 976 2172 1049 t'essimo·
2246 1049 2247 1058 2

459 1095 557 1164 nium
586 1087 663 1157 hinc
688 1078 766 1155 inde
787 1083 1054 1184 prouocantibus.
1118 1081 1329 1155 Philochorus
1350 1105 1503 1182 quoque,
1548 1078 1770 1166 Atlrenieufis,
1810 1083 1897 1154 inter
1918 1081 1980 1152 alia
1998 1079 2172 1176 collegerat
2246 1081 2247 1164 J

461 1185 729 1372 ppip.
750 1179 1140 1367 ‘frictilli‘
1154 1185 1607 1367 :til‘uW
1631 1189 1687 1283 t
1707 1211 1727 1308 ³
1750 1179 2170 1358 summitur

410 1446 412 1450 ,
460 1321 919 1504 ἐμῖἓίἑῗπαὲοηῖετ,
947 1320 1129 1490 ᾗρἸέοοειῗι
1151 1319 1371 1488 elsaesonilm
1385 1321 1486 1484 llis?
1505 1317 1847 1485 gtggffigtdltfflssgum
1863 1391 1887 1461 l.
1912 1387 2094 1480 θηβαῆιὸ,
2112 1336 2173 1466 lm:

412 1506 416 1510 ’
461 1492 690 1608 γραμμάτων
711 1502 789 1572 citat
808 1494 911 1574 schol.
937 1497 1109 1596 Apollonii
1125 1495 1164 1568 ΙΙ.
1179 1501 1262 1587 9ο6.
1304 1491 1537 1588 Neoptolemus
1551 1499 1704 1568 Parianus
1726 1499 1758 1572 ἓν
1781 1495 1833 1602 τῷ
1854 1493 1931 1594 περὶ
1955 1485 2174 1597 intueamini·

463 1637 542 1689 rot.
575 1603 750 1678 Atbeu.-X.
765 1629 839 1701 pag.
856 1623 920 1697 455.
970 1602 1101 1692 Notum
1121 1621 1248 1696 praeter
1266 1623 1305 1670 ea
1319 1597 1387 1684 all,
1410 1593 1644 1672 abiciamus
1659 1597 1827 1672 historiam
1842 1597 2174 1672 deorumceutcrtarn
2246 1601 2247 1626 ³

452 1707 531 1814 'esse
553 1734 594 1782 ex
617 1707 725 1779 titulis
740 1719 776 1778 et
795 1706 1053 1800 instructionibus
1069 1703 1204 1798 sceris,
1233 1725 1314 1796 quaa
1334 1706 1367 1773 ira
1390 1705 1515 1796 templis
1534 1705 1749 1786 iniciuntur,
1786 1724 1820 1774 vt
1841 1701 1973 1777 teilatur
1993 1703 2175 1774 &Hauriat

459 1813 726 1997 Eglhcppieg
751 1809 948 1936 {liogmicui
967 1802 1175 1903 ἄνθολὸγιαν
1195 1800 1479 1911 ἐπιγραμμάτων
1497 1809 1795 1902 memoratSuides
1812 1811 2017 1966 io·iliaam.“¹
2065 1807 2175 1880 Halie-

489 2128 493 2142 ι
566 2079 631 2158 Sed
648 2077 732 2155 inter
748 2077 908 2168 Grcttos,
933 2081 1026 2167 (nam
1052 2075 1094 2151 de
1117 2077 1227 2150 latinii
1248 2077 1540 2188 epigrammatibus
1564 2077 1752 2178 horumque
1776 2061 1981 2175 Antliologia
2004 2076 2062 2148 hic
2080 2069 2178 2147 sermo

392 2201 396 2206 ’
464 2213 540 2268 uon
561 2187 625 2272 esi,
649 2177 681 2258 et
704 2187 912 2259 Burmannus
928 2185 966 2254 ΙΙ.
991 2189 1026 2289 iu
1050 2179 1139 2282 episi.
1159 2177 1262 2257 dedic.
1286 2201 1471 2278 memorata
1495 2177 1628 2282 copiose
1651 2181 1812 2281 doflequc
1835 2185 1929 2278 agiu)
1961 2207 2106 2282 quorum
2127 2205 2179 2252 no·

467 2302 585 2379 mina,
602 2289 750 2366 labores.
775 2290 958 2386 meritaque
973 2291 1007 2359 in
1018 2284 1217 2385 colligendis
1237 2287 1606 2385 trecepigrammatibuc
1626 2283 1732 2358 adlruc
1747 2283 1971 2378 celebrantur,
1997 2303 2030 2357 et
2046 2310 2180 2386 quorum
2246 2323 2247 2398 p

328 2399 333 2420 '
467 2398 683 2494 anthologiae
700 2396 822 2493 partim
847 2385 1017 2491 supersunt
1039 2395 1071 2462 in
1091 2394 1200 2462 msctic
1215 2387 1312 2461 codd.
1329 2395 1448 2490 partim
1466 2416 1530 2489 ope
1551 2385 1773 2466 formularum
1788 2385 2182 2488 typograplticarumvul·
2246 2401 2247 2464 l

468 2523 566 2602 gatae
585 2499 627 2572 ab
648 2498 821 2579 omnibus,
846 2495 963 2596 quibus
978 2491 1102 2593 volupe
1117 2498 1196 2576 erit,
1220 2491 1287 2590 legi
1309 2487 1458 2591 possunt,
1483 2497 1634 2594 inprimis
1653 2491 1822 2590 Meleager
1837 2488 2048 2580 Gadarenus,
2073 2495 2180 2572 Strato,
2246 2485 2247 2536 7

369 2647 373 2659 ι
468 2593 983 2702 PhilippusTheisaloniceuscs,
1009 2599 1183 2695 Agathiac,
1205 2593 1442 2674 Constantinus
1464 2595 1612 2694 Cephala
1630 2613 1665 2669 et
1684 2591 2088 2671 Planudes‘emiuuerunt.
2134 2597 2182 2668 De
2246 2652 2247 2688 ,

468 2707 523 2785 ltis
539 2710 657 2807 igitur,
678 2721 713 2775 et
727 2697 985 2802 primoquidem
994 2697 1221 2802 deMaleagra
1233 2705 1505 2800 paucisagemua.
1958 2685 1965 2696 ⁵
2040 2717 2044 2722 ·

2246 2691 2247 2738 t

481 2937 487 2945 ,
572 2850 742 2967 Malccgtr
753 2885 864 2941 autem
881 2861 946 2938 luit
958 2868 1105 2940 Eucratis
1117 2867 1154 2938 F.
1178 2871 1314 2940 natione
1327 2853 1432 2958 Syrus
1451 2885 1487 2942 et
1505 2865 1633 2968 oppido
1647 2864 1857 2954 Gadercnus,
1879 2885 1940 2942 aut
1956 2869 2067 2942 verius
2083 2857 2183 2938 forsan

464 2975 566 3057 'or‘tm
578 2975 731 3057 Atthide,
753 2967 884 3073 oppido
905 2987 966 3044 aut
983 2994 1072 3073 pago
1089 2995 1161 3042 uon
1181 2965 1252 3044 satis
1269 2971 1391 3056 nobili,
1413 2977 1448 3044 itt
1474 2981 1611 3070 regione
1626 2967 1838 3064 Coelesyriee
1860 2967 1939 3066 fito,
1963 2971 2056 3043 haud
2075 2966 2185 3071 procul

471 3084 620 3161 Gadara,
649 3085 686 3152 in
704 3101 770 3178 qua
787 3095 901 3149 tamen
920 3073 999 3147 vrbe
1017 3098 1179 3172 magnam
1198 3081 1284 3147 vitae
1310 3099 1436 3173 partem
1462 3070 1827 3151 consumsissevidetur.
1853 3073 1934 3167 (vid.
1950 3076 2093 3148 Martiis.
2108 3067 2188 3170 apud

471 3185 652 3264 Meineelte
674 3206 752 3282 pag.
765 3203 833 3271 t50.
857 3177 934 3252 coll.
949 3179 1076 3250 Rsiriiu
1097 3183 1132 3250 in
1159 3183 1274 3251 notitia
1300 3199 1423 3279 poetar.
1444 3177 1571 3252 anthol.
1592 3205 1666 3280 pag.
1684 3205 1749 3270 232.
1772 3176 1814 3252 de
1832 3173 1924 3250 sensu
1945 3203 2020 3252 voc.
2043 3175 2188 3250 Atthides

367 3288 378 3299 “
473 3286 680 3387 disputante,
707 3281 906 3376 etMunstme
929 3287 962 3352 iu
980 3276 1198 3381 praestatque
1221 3280 1261 3353 ad
1283 3308 1415 3355 carmen
1432 3286 1497 3354 1²6.
1516 3283 1681 3379 Meleagri
1698 3309 1770 3381 pag.
1785 3285 1873 3375 157.)'
1919 3279 2068 3383 Qrende
2088 3304 2187 3354 eutem
2229 3301 2235 3308 ·

474 3387 576 3469 suerit
597 3395 631 3460 in
654 3390 757 3476 riuis,
788 3407 911 3479 magna
934 3389 1017 3456 inter
1035 3389 1123 3457 siros
1145 3382 1263 3458 dodica
1283 3384 1454 3463 intercedit
1468 3381 1706 3459 controuersia.
1772 3380 1949 3476 ventilon,
1981 3391 2037 3456 cui
2058 3409 2127 3458 nou
2148 3408 2189 3454 re·

476 3513 606 3598 pugnet
626 3490 807 3573 Fabricius,
834 3487 983 3558 Reialtius
1010 3493 1046 3558 iu
1071 3492 1189 3562 notitia
1215 3513 1289 3588 pag.
1306 3513 1354 3576 13¹
1370 3485 1436 3588 sqq,
1460 3491 1513 3561 vbi
1540 3488 1583 3564 de
1608 3487 1783 3586 Meleagro
1810 3481 1880 3562 fuse
1905 3483 2048 3573 disserit,
2079 3489 2190 3584 aliique

478 3593 705 3678 centendunt,
731 3615 808 3664 enm
837 3582 948 3662 vixisse
974 3589 1115 3664 Seleuco
1130 3593 1189 3662 Vl.
1219 3591 1298 3691 (qui
1325 3617 1464 3691 reguum
1490 3597 1560 3665 iu'iit
1590 3592 1733 3692 Olymp.
1751 3585 1877 3665 CLXX.
1896 3592 1943 3682 ς.)
1975 3619 2056 3689 rege
2090 3595 2191 3683 Syriae
2246 3641 2247 3688 p

391 3706 397 3716 ⁴
477 3701 612 3778 altimo.
689 3691 824 3768 Accedit
849 3689 930 3765 sides
956 3713 992 3766 et
1016 3693 1245 3794 testimonium
1268 3690 1368 3769 schol.
1390 3702 1517 3794 graeci,
1553 3689 1784 3804 ilapucsalrrl
1803 3688 1953 3778 Σελεῦκε
1974 3699 2025 3790 τέ
2046 3689 2191 3804 segulae·
2246 3693 2247 3778 l

479 3813 589 3906 Atque
603 3801 724 3874 saxio
743 3803 776 3870 in
794 3795 959 3872 onomast.
979 3794 1077 3872 litter.
1094 3799 1119 3869 l.
1142 3825 1218 3898 pag.
1237 3823 1303 3888 142.
1324 3827 1467 3883 annum,
1492 3827 1560 3900 quo
1576 3801 1631 3874 ille
1646 3799 1776 3884 floruit,
1803 3797 1847 3872 stc
1863 3798 2070 3897 defiguauit,
2094 3809 2130 3870 A.
2146 3799 2192 3868 Μ.
2246 3781 2247 3864 l

473 3925 580 4003 3907.
596 3907 737 4001 Olymp.
752 3901 880 3975 CLXX.
891 3923 924 3988 3.
948 3919 1026 3972 ante
1043 3905 1085 3973 C.
1097 3903 1143 3972 N.
1159 3911 1215 3994 96.
1246 3905 1285 3978 V.
1300 3907 1341 3978 C.
1358 3908 1430 3995 656.
1489 3885 1616 3990 Contio
1644 3931 1682 3978 ea
1709 3901 1881 4003 aequalem
1907 3898 2003 3976 fuisse
2030 3909 2192 4003 Antipatro

480 4013 621 4086 Sidonio
641 4004 695 4082 seu
711 4004 843 4100 T'yrio,
868 4008 924 4104 qui
936 4009 1024 4087 circa
1035 4007 1178 4103 Olymp.
1194 4005 1291 4079 CLX.
1308 4005 1441 4092 floruit,
1463 4009 1575 4080 Reisie
1588 4035 1628 4082 ex
1647 4011 1793 4080 carmine
1810 4017 1886 4082 620.
1906 4001 1981 4080 suae
1993 4007 2195 4082 colletlionia

396 4159 406 4172 ·
479 4138 515 4192 et
535 4121 609 4218 quia
631 4108 741 4189 laudes
757 4113 918 4209 Antipatri
937 4128 1050 4195 canat,
1072 4109 1332 4207 probatumiuit.
1383 4111 1552 4213 Salmasius
1567 4117 1601 4186 iu
1616 4111 1806 4212 prolegom.
1822 4109 1863 4184 ad
1878 4113 2094 4204 homonyma
2110 4107 2194 4202 hyles

478 4227 552 4296 igar.
568 4244 644 4320 pag.
658 4240 689 4304 4.
712 4215 852 4285 Martiis.
863 4211 887 4285 l.
900 4237 927 4284 c.
945 4230 978 4285 ct
993 4211 1156 4285 Klotzio
1176 4208 1315 4316 praefat.
1338 4211 1379 4286 ad
1403 4215 1562 4288 Stratonis
1583 4220 1779 4317 epigramm.
1793 4241 1869 4316 pag.
1883 4231 1921 4308 7.
1932 4211 2140 4314 potissimum
2161 4233 2196 4282 ex

479 4327 635 4434 Diogene
658 4322 789 4393 Laertio
809 4314 942 4389 libsvt.
963 4341 1036 4417 cap.
1051 4329 1083 4400 8.
1106 4315 1137 4410 §.
1153 4341 1210 4410 99.
1239 4311 1378 4390 effecisse
1405 4316 1462 4391 sibi
1487 4313 1672 4403 videntut,''
1695 4317 1908 4420 Meleagrum
1929 4313 2027 4392 fnisse
2051 4316 2196 4416 Menippi

478 4426 652 4526 aequalem
679 4443 777 4522 atque
797 4424 925 4510 ciuem,
949 4438 983 4492 et
1004 4424 1039 4492 in
1060 4414 1245 4494 scurrilibus
1264 4422 1504 4497 aemulatorem
1526 4421 1668 4497 eiusdem
1693 4449 1771 4495 cum
1792 4447 1832 4498 eo
1855 4417 1968 4496 seme.
2024 4421 2105 4494 Ideo
2122 4439 2198 4492 aeta·

478 4550 550 4604 tem
573 4528 736 4625 Meleagri
758 4518 915 4600 referunt
926 4519 969 4596 ad
990 4552 1019 4597 a.
1033 4523 1175 4626 Olymp.
1193 4527 1368 4601 CXLVIII.
1385 4551 1409 4598 r.
1433 4549 1507 4600 ante
1524 4531 1566 4599 C.
1580 4529 1622 4599 N.
1639 4532 1722 4612 136..
1736 4553 1804 4626 quo
1826 4525 1978 4600 Seleucus
1999 4525 2199 4625 Philopator,

469 4633 638 4714 ‚Antiochi
656 4636 707 4704 M.
726 4628 811 4701 filius
825 4653 967 4726 regnum
981 4624 1159 4728 cepeffiuit.
1209 4634 1252 4702 At
1270 4634 1358 4702 enim
1376 4629 1407 4704 id
1422 4649 1654 4730 argumentum
1672 4625 1736 4703 esse
1749 4654 1868 4731 parum
1884 4627 2052 4716 validum,
2075 4631 2199 4700 monuit

480 4730 627 4817 Mauso,
649 4740 706 4834 ,qui
727 4725 862 4833 quidem
885 4725 953 4831 ipse
969 4732 1014 4806 ob
1032 4757 1167 4804 carmen
1179 4753 1229 4821 50.
1247 4731 1402 4818 Analll.
1418 4763 1452 4836 p.
1466 4761 1518 4809 ao.
1535 4742 1569 4806 in
1586 4761 1654 4835 quo
1669 4735 1821 4810 Corinmi
1835 4729 2017 4819 excidium,
2045 4730 2200 4829 (Olymp.

479 4840 627 4914 ctvtrt.
644 4839 692 4926 4.)
717 4855 753 4905 vt
771 4829 1011 4920 uictricem,
1034 4853 1258 4924 memoratur,
1281 4857 1424 4915 aetatem
1444 4837 1607 4938 Meleagri
1632 4843 1775 4938 imperio
1798 4839 1960 4910 Demetrii
1975 4831 2017 4908 Π.
2044 4838 2200 4910 Nicatoris

477 4948 613 5047 eiusque
638 4931 859 5014 successorum
886 4935 1033 5037 adligare
1058 4936 1188 5050 melita
1205 4967 1314 5046 neque
1335 4961 1464 5031 tamen,
1493 4948 1655 5045 quoniam
1675 4940 1846 5041 Meleager
1864 4935 1897 5015 se
1915 4945 1952 5016 iu
1971 4945 2124 5036 carmine
2139 4941 2202 5012 126.

1010 5081 1016 5088 ·
1446 5039 1458 5060 ’
1662 5055 1668 5068 ’
2024 5042 2199 5126 menoccle

2017 5175 2024 5220 t

1046 5341 1298 5416 ''i‚·
