<?xml version="1.0" encoding="UTF-8"?>
<!DOCTYPE html PUBLIC "-//W3C//DTD XHTML 1.0 Transitional//EN"
    "http://www.w3.org/TR/xhtml1/DTD/xhtml1-transitional.dtd">
<html xmlns="http://www.w3.org/1999/xhtml" xml:lang="en" lang="en">
 <head>
  <title>
</title>
<meta http-equiv="Content-Type" content="text/html;charset=utf-8" />
  <meta name='ocr-system' content='tesseract 3.04.00' />
  <meta name='ocr-capabilities' content='ocr_page ocr_carea ocr_par ocr_line ocrx_word'/>
</head>
<body>
  <div class='ocr_page' id='page_1' title='image "./ioannisalbertif00unkngoog/ioannisalbertif00unkngoog_0776.png"; bbox 0 0 4550 5717; ppageno 0'>
   <div class='ocr_carea' id='block_1_1' title="bbox 225 277 1549 411">
    <p class='ocr_par' dir='ltr' id='par_1_1' title="bbox 225 277 1549 411">
     <span class='ocr_line' id='line_1_1' title="bbox 225 277 1549 411; baseline -0.031 -14"><span class='ocrx_word' id='word_1_1' title='bbox 225 337 281 400; x_wconf 82' lang='grc'>·,</span> <span class='ocrx_word' id='word_1_2' title='bbox 373 283 498 390; x_wconf 78' lang='lat' dir='ltr'>&#39;tn</span> <span class='ocrx_word' id='word_1_3' title='bbox 599 287 878 411; x_wconf 59' lang='lat' dir='ltr'>munem.</span> <span class='ocrx_word' id='word_1_4' title='bbox 1063 277 1332 364; x_wconf 65' lang='lat' dir='ltr'>annonas</span> <span class='ocrx_word' id='word_1_5' title='bbox 1363 286 1549 408; x_wconf 76' lang='lat' dir='ltr'>vtro·</span> 
     </span>
    </p>
   </div>
   <div class='ocr_carea' id='block_1_2' title="bbox 473 425 2141 684">
    <p class='ocr_par' dir='ltr' id='par_1_2' title="bbox 473 425 2141 684">
     <span class='ocr_line' id='line_1_2' title="bbox 473 425 2141 584; baseline 0.032 -92"><span class='ocrx_word' id='word_1_6' title='bbox 473 440 490 493; x_wconf 81' lang='lat'>.&#39;</span> <span class='ocrx_word' id='word_1_7' title='bbox 538 477 724 567; x_wconf 88' lang='lat' dir='ltr'>eredentes,</span> <span class='ocrx_word' id='word_1_8' title='bbox 749 505 818 552; x_wconf 87' lang='lat' dir='ltr'>non</span> <span class='ocrx_word' id='word_1_9' title='bbox 833 475 1001 566; x_wconf 85' lang='lat' dir='ltr'>dubitant,</span> <span class='ocrx_word' id='word_1_10' title='bbox 1023 501 1101 550; x_wconf 85' lang='lat' dir='ltr'>eutn</span> <span class='ocrx_word' id='word_1_11' title='bbox 1117 472 1214 550; x_wconf 86' lang='lat' dir='ltr'>fuisse</span> <span class='ocrx_word' id='word_1_12' title='bbox 1229 425 1397 568; x_wconf 74' lang='lat' dir='ltr'>ludaedm.</span> <span class='ocrx_word' id='word_1_13' title='bbox 1451 474 1535 548; x_wconf 89' lang='lat' dir='ltr'>Vide</span> <span class='ocrx_word' id='word_1_14' title='bbox 1550 459 1665 548; x_wconf 77' lang='lat' dir='ltr'>Hultii</span> <span class='ocrx_word' id='word_1_15' title='bbox 1678 469 1886 548; x_wconf 85' lang='lat' dir='ltr'>dernonslrat.</span> <span class='ocrx_word' id='word_1_16' title='bbox 1904 477 2053 580; x_wconf 78' lang='lat' dir='ltr'>euangel.</span> <span class='ocrx_word' id='word_1_17' title='bbox 2076 505 2141 584; x_wconf 64' lang='lat' dir='ltr'>pag</span> 
     </span>
     <span class='ocr_line' id='line_1_3' title="bbox 539 575 2091 684; baseline -0.032 -8"><span class='ocrx_word' id='word_1_18' title='bbox 539 609 602 658; x_wconf 80' lang='lat'>¹0²</span> <span class='ocrx_word' id='word_1_19' title='bbox 616 578 688 684; x_wconf 86' lang='lat' dir='ltr'>sqq,</span> <span class='ocrx_word' id='word_1_20' title='bbox 715 587 761 680; x_wconf 86' lang='lat' dir='ltr'>[et</span> <span class='ocrx_word' id='word_1_21' title='bbox 776 589 817 656; x_wconf 86' lang='lat' dir='ltr'>V·</span> <span class='ocrx_word' id='word_1_22' title='bbox 834 583 878 653; x_wconf 83' lang='lat' dir='ltr'>D·</span> <span class='ocrx_word' id='word_1_23' title='bbox 895 575 992 682; x_wconf 78' lang='lat' dir='ltr'>supra</span> <span class='ocrx_word' id='word_1_24' title='bbox 1005 578 1203 683; x_wconf 82' lang='lat' dir='ltr'>de&#39;Philone</span> <span class='ocrx_word' id='word_1_25' title='bbox 1216 575 1343 654; x_wconf 88' lang='lat' dir='ltr'>seniore</span> <span class='ocrx_word' id='word_1_26' title='bbox 1354 575 1530 672; x_wconf 76' lang='lat' dir='ltr'>laudatos]</span> <span class='ocrx_word' id='word_1_27' title='bbox 1875 597 1879 605; x_wconf 94' lang='lat'>·</span> <span class='ocrx_word' id='word_1_28' title='bbox 2080 584 2091 600; x_wconf 84' lang='lat'><strong>·</strong></span> 
     </span>
    </p>
   </div>
   <div class='ocr_carea' id='block_1_3' title="bbox 46 695 2142 1051">
    <p class='ocr_par' dir='ltr' id='par_1_3' title="bbox 46 695 2142 1051">
     <span class='ocr_line' id='line_1_4' title="bbox 46 695 1574 822; baseline -0.009 -39"><span class='ocrx_word' id='word_1_29' title='bbox 46 793 59 822; x_wconf 40' lang='grc' dir='ltr'>ι</span> <span class='ocrx_word' id='word_1_30' title='bbox 160 758 165 771; x_wconf 49' lang='grc' dir='ltr'>ι</span> <span class='ocrx_word' id='word_1_31' title='bbox 434 701 552 800; x_wconf 79' lang='lat' dir='ltr'>Philo,</span> <span class='ocrx_word' id='word_1_32' title='bbox 574 723 767 805; x_wconf 85' lang='lat' dir='ltr'>procurator</span> <span class='ocrx_word' id='word_1_33' title='bbox 786 695 943 788; x_wconf 83' lang='lat' dir='ltr'>Ausonii,</span> <span class='ocrx_word' id='word_1_34' title='bbox 968 700 1059 798; x_wconf 90' lang='lat' dir='ltr'>epill.</span> <span class='ocrx_word' id='word_1_35' title='bbox 1073 704 1177 786; x_wconf 80' lang='lat' dir='ltr'>xxtt.</span> <span class='ocrx_word' id='word_1_36' title='bbox 1234 697 1252 804; x_wconf 32' lang='grc' dir='ltr'>ἶ.</span> <span class='ocrx_word' id='word_1_37' title='bbox 1570 783 1574 798; x_wconf 24' lang='grc' dir='ltr'>ι</span> 
     </span>
     <span class='ocr_line' id='line_1_5' title="bbox 122 815 1930 922; baseline -0.01 -19"><span class='ocrx_word' id='word_1_38' title='bbox 122 827 126 832; x_wconf 76' lang='grc'><strong>’</strong></span> <span class='ocrx_word' id='word_1_39' title='bbox 267 869 271 874; x_wconf 84' lang='grc'><em>·</em></span> <span class='ocrx_word' id='word_1_40' title='bbox 403 827 556 922; x_wconf 73' lang='lat' dir='ltr'>·.Ptnto,·</span> <span class='ocrx_word' id='word_1_41' title='bbox 573 823 753 900; x_wconf 83' lang='lat' dir='ltr'>Ptolemaei</span> <span class='ocrx_word' id='word_1_42' title='bbox 766 819 987 922; x_wconf 81' lang='lat' dir='ltr'>Philopatoris</span> <span class='ocrx_word' id='word_1_43' title='bbox 1002 815 1199 912; x_wconf 77' lang='lat' dir='ltr'>adsentator.</span> <span class='ocrx_word' id='word_1_44' title='bbox 1224 819 1343 894; x_wconf 63' lang='lat' dir='ltr'>Artes.</span> <span class='ocrx_word' id='word_1_45' title='bbox 1357 820 1415 889; x_wconf 89' lang='lat' dir='ltr'>Vl.</span> <span class='ocrx_word' id='word_1_46' title='bbox 1428 841 1505 918; x_wconf 81' lang='lat' dir='ltr'>pag.</span> <span class='ocrx_word' id='word_1_47' title='bbox 1520 839 1587 908; x_wconf 80' lang='lat'>251.</span> <span class='ocrx_word' id='word_1_48' title='bbox 1711 840 1713 846; x_wconf 93' lang='lat'>·</span> <span class='ocrx_word' id='word_1_49' title='bbox 1916 885 1930 906; x_wconf 62' lang='lat'>,</span> 
     </span>
     <span class='ocr_line' id='line_1_6' title="bbox 427 935 2142 1051; baseline -0.004 -28"><span class='ocrx_word' id='word_1_50' title='bbox 427 948 546 1033; x_wconf 86' lang='lat' dir='ltr'>Philo,</span> <span class='ocrx_word' id='word_1_51' title='bbox 570 948 807 1051; x_wconf 83' lang='lat' dir='ltr'>Pythagoreus.</span> <span class='ocrx_word' id='word_1_52' title='bbox 832 943 977 1017; x_wconf 72' lang='lat' dir='ltr'>Clemens</span> <span class='ocrx_word' id='word_1_53' title='bbox 991 940 1090 1016; x_wconf 80' lang='lat' dir='ltr'>Alex.</span> <span class='ocrx_word' id='word_1_54' title='bbox 1106 943 1131 1014; x_wconf 89' lang='lat'>1.</span> <span class='ocrx_word' id='word_1_55' title='bbox 1148 945 1272 1026; x_wconf 85' lang='lat' dir='ltr'>Strom.</span> <span class='ocrx_word' id='word_1_56' title='bbox 1291 961 1448 1044; x_wconf 82' lang='lat' dir='ltr'>pag.305.</span> <span class='ocrx_word' id='word_1_57' title='bbox 1463 959 1496 1014; x_wconf 90' lang='lat' dir='ltr'>et</span> <span class='ocrx_word' id='word_1_58' title='bbox 1509 943 1635 1014; x_wconf 73' lang='lat' dir='ltr'>Sum</span> <span class='ocrx_word' id='word_1_59' title='bbox 1650 936 1710 1014; x_wconf 71' lang='lat' dir='ltr'>lib.</span> <span class='ocrx_word' id='word_1_60' title='bbox 1724 943 1752 1012; x_wconf 89' lang='lat'>1.</span> <span class='ocrx_word' id='word_1_61' title='bbox 1767 960 1839 1042; x_wconf 83' lang='lat' dir='ltr'>cap.</span> <span class='ocrx_word' id='word_1_62' title='bbox 1854 966 1900 1014; x_wconf 82' lang='lat' dir='ltr'>ra.</span> <span class='ocrx_word' id='word_1_63' title='bbox 1924 935 2033 1040; x_wconf 86' lang='lat' dir='ltr'>[cons.</span> <span class='ocrx_word' id='word_1_64' title='bbox 2048 942 2110 1023; x_wconf 81' lang='lat' dir='ltr'>vol</span> <span class='ocrx_word' id='word_1_65' title='bbox 2121 947 2142 1016; x_wconf 88' lang='lat' dir='ltr'>l.</span> 
     </span>
    </p>
   </div>
   <div class='ocr_carea' id='block_1_4' title="bbox 295 1050 2230 2535">
    <p class='ocr_par' dir='ltr' id='par_1_4' title="bbox 295 1050 2143 1598">
     <span class='ocr_line' id='line_1_7' title="bbox 532 1050 729 1150; baseline -0.051 0"><span class='ocrx_word' id='word_1_66' title='bbox 532 1074 610 1150; x_wconf 76' lang='lat' dir='ltr'>ru·</span> <span class='ocrx_word' id='word_1_67' title='bbox 634 1050 729 1140; x_wconf 70' lang='lat' dir='ltr'>seu</span> 
     </span>
     <span class='ocr_line' id='line_1_8' title="bbox 295 1160 1451 1275; baseline -0.01 -28"><span class='ocrx_word' id='word_1_68' title='bbox 295 1193 302 1208; x_wconf 79' lang='grc'><em>’</em></span> <span class='ocrx_word' id='word_1_69' title='bbox 429 1170 623 1275; x_wconf 69' lang='lat' dir='ltr'>QPublios</span> <span class='ocrx_word' id='word_1_70' title='bbox 637 1168 755 1256; x_wconf 83' lang='lat' dir='ltr'>Philo,</span> <span class='ocrx_word' id='word_1_71' title='bbox 780 1160 917 1242; x_wconf 89' lang='lat' dir='ltr'>Consul.</span> <span class='ocrx_word' id='word_1_72' title='bbox 940 1191 970 1237; x_wconf 78' lang='lat' dir='ltr'>a</span> <span class='ocrx_word' id='word_1_73' title='bbox 986 1166 1028 1236; x_wconf 89' lang='lat' dir='ltr'>V.</span> <span class='ocrx_word' id='word_1_74' title='bbox 1048 1167 1090 1240; x_wconf 81' lang='lat' dir='ltr'>C.</span> <span class='ocrx_word' id='word_1_75' title='bbox 1119 1189 1186 1257; x_wconf 82' lang='lat'>4¹5·</span> <span class='ocrx_word' id='word_1_76' title='bbox 1201 1187 1274 1256; x_wconf 81' lang='lat'>427.</span> <span class='ocrx_word' id='word_1_77' title='bbox 1289 1185 1358 1259; x_wconf 80' lang='lat'>435.</span> <span class='ocrx_word' id='word_1_78' title='bbox 1373 1185 1451 1254; x_wconf 88' lang='grc' dir='ltr'><strong>44ο.</strong></span> 
     </span>
     <span class='ocr_line' id='line_1_9' title="bbox 427 1256 2143 1398; baseline -0.007 -20"><span class='ocrx_word' id='word_1_79' title='bbox 427 1301 547 1384; x_wconf 84' lang='lat' dir='ltr'>Philo,</span> <span class='ocrx_word' id='word_1_80' title='bbox 571 1301 685 1372; x_wconf 85' lang='lat' dir='ltr'>rhetor</span> <span class='ocrx_word' id='word_1_81' title='bbox 704 1322 742 1369; x_wconf 87' lang='lat' dir='ltr'>ac</span> <span class='ocrx_word' id='word_1_82' title='bbox 761 1277 1002 1398; x_wconf 87' lang='lat' dir='ltr'>philosophus,</span> <span class='ocrx_word' id='word_1_83' title='bbox 1027 1297 1119 1366; x_wconf 87' lang='lat' dir='ltr'>cuius</span> <span class='ocrx_word' id='word_1_84' title='bbox 1136 1291 1306 1366; x_wconf 82' lang='lat' dir='ltr'>historiam</span> <span class='ocrx_word' id='word_1_85' title='bbox 1324 1287 1568 1366; x_wconf 81' lang='lat' dir='ltr'>eccleliaslicam</span> <span class='ocrx_word' id='word_1_86' title='bbox 1593 1289 1728 1366; x_wconf 88' lang='lat' dir='ltr'>laudant</span> <span class='ocrx_word' id='word_1_87' title='bbox 1752 1256 1945 1386; x_wconf 77' lang='lat' dir='ltr'>Anastasius,</span> <span class='ocrx_word' id='word_1_88' title='bbox 1965 1293 2085 1366; x_wconf 86' lang='lat' dir='ltr'>Sinaita</span> <span class='ocrx_word' id='word_1_89' title='bbox 2117 1311 2143 1366; x_wconf 89' lang='lat' dir='ltr'>et</span> 
     </span>
     <span class='ocr_line' id='line_1_10' title="bbox 530 1349 2142 1572; baseline -0.005 -96"><span class='ocrx_word' id='word_1_90' title='bbox 530 1402 672 1495; x_wconf 82' lang='lat' dir='ltr'>Glycas,</span> <span class='ocrx_word' id='word_1_91' title='bbox 695 1403 766 1500; x_wconf 88' lang='lat' dir='ltr'>[qui</span> <span class='ocrx_word' id='word_1_92' title='bbox 787 1397 894 1472; x_wconf 90' lang='lat' dir='ltr'>annal.</span> <span class='ocrx_word' id='word_1_93' title='bbox 917 1425 992 1572; x_wconf 53' lang='lat' dir='ltr'>palg.</span> <span class='ocrx_word' id='word_1_94' title='bbox 1007 1414 1068 1483; x_wconf 79' lang='lat'>282</span> <span class='ocrx_word' id='word_1_95' title='bbox 1083 1391 1127 1498; x_wconf 89' lang='lat' dir='ltr'>sq.</span> <span class='ocrx_word' id='word_1_96' title='bbox 1150 1425 1189 1470; x_wconf 86' lang='lat' dir='ltr'>ex</span> <span class='ocrx_word' id='word_1_97' title='bbox 1210 1395 1265 1468; x_wconf 91' lang='lat' dir='ltr'>illa</span> <span class='ocrx_word' id='word_1_98' title='bbox 1286 1396 1359 1468; x_wconf 87' lang='lat' dir='ltr'>hill.</span> <span class='ocrx_word' id='word_1_99' title='bbox 1380 1391 1491 1469; x_wconf 82' lang='lat' dir='ltr'>eccles.</span> <span class='ocrx_word' id='word_1_100' title='bbox 1515 1395 1676 1492; x_wconf 84' lang='lat' dir='ltr'>quaedam</span> <span class='ocrx_word' id='word_1_101' title='bbox 1699 1392 1854 1498; x_wconf 61' lang='lat' dir='ltr'>profert]</span> <span class='ocrx_word' id='word_1_102' title='bbox 1881 1395 1968 1470; x_wconf 89' lang='lat' dir='ltr'>Guil.</span> <span class='ocrx_word' id='word_1_103' title='bbox 1984 1349 2142 1469; x_wconf 75' lang='lat' dir='ltr'>Cauedin</span> 
     </span>
     <span class='ocr_line' id='line_1_11' title="bbox 452 1497 2143 1598; baseline -0.004 -19"><span class='ocrx_word' id='word_1_104' title='bbox 452 1523 457 1530; x_wconf 89' lang='grc'><em>“</em></span> <span class='ocrx_word' id='word_1_105' title='bbox 534 1501 609 1578; x_wconf 77' lang='lat' dir='ltr'>diss‘.</span> <span class='ocrx_word' id='word_1_106' title='bbox 630 1501 671 1578; x_wconf 92' lang='lat' dir='ltr'>de</span> <span class='ocrx_word' id='word_1_107' title='bbox 692 1499 840 1598; x_wconf 76' lang='lat' dir='ltr'>scriptor.</span> <span class='ocrx_word' id='word_1_108' title='bbox 858 1503 972 1578; x_wconf 85' lang='lat' dir='ltr'>eccle.</span> <span class='ocrx_word' id='word_1_109' title='bbox 994 1521 1026 1574; x_wconf 89' lang='lat' dir='ltr'>et</span> <span class='ocrx_word' id='word_1_110' title='bbox 1046 1503 1119 1575; x_wconf 89' lang='lat' dir='ltr'>lrill.</span> <span class='ocrx_word' id='word_1_111' title='bbox 1141 1504 1237 1574; x_wconf 81' lang='lat' dir='ltr'>litier.</span> <span class='ocrx_word' id='word_1_112' title='bbox 1256 1503 1376 1590; x_wconf 78' lang='lat' dir='ltr'>ll.187.</span> <span class='ocrx_word' id='word_1_113' title='bbox 1402 1503 1545 1570; x_wconf 80' lang='lat' dir='ltr'>incertae</span> <span class='ocrx_word' id='word_1_114' title='bbox 1561 1497 1669 1572; x_wconf 85' lang='lat' dir='ltr'>aetatis</span> <span class='ocrx_word' id='word_1_115' title='bbox 1686 1499 1812 1574; x_wconf 82' lang='lat' dir='ltr'>videtur</span> <span class='ocrx_word' id='word_1_116' title='bbox 1831 1497 1893 1573; x_wconf 84' lang='lat' dir='ltr'>esse</span> <span class='ocrx_word' id='word_1_117' title='bbox 1907 1525 1984 1574; x_wconf 91' lang='lat' dir='ltr'>cum</span> <span class='ocrx_word' id='word_1_118' title='bbox 2001 1501 2143 1588; x_wconf 84' lang='lat' dir='ltr'>Philone,</span> 
     </span>
    </p>

    <p class='ocr_par' dir='ltr' id='par_1_5' title="bbox 339 1595 2230 2225">
     <span class='ocr_line' id='line_1_12' title="bbox 339 1595 2142 1709; baseline -0.008 -26"><span class='ocrx_word' id='word_1_119' title='bbox 339 1601 343 1609; x_wconf 60' lang='grc'><em>’</em></span> <span class='ocrx_word' id='word_1_120' title='bbox 377 1681 381 1688; x_wconf 87' lang='grc'><strong>,</strong></span> <span class='ocrx_word' id='word_1_121' title='bbox 532 1605 704 1709; x_wconf 83' lang='lat' dir='ltr'>Carpafiae</span> <span class='ocrx_word' id='word_1_122' title='bbox 722 1600 899 1705; x_wconf 86' lang='lat' dir='ltr'>episcopo,</span> <span class='ocrx_word' id='word_1_123' title='bbox 924 1609 981 1706; x_wconf 89' lang='lat' dir='ltr'>qui</span> <span class='ocrx_word' id='word_1_124' title='bbox 1002 1607 1037 1700; x_wconf 77' lang='lat' dir='ltr'>[a</span> <span class='ocrx_word' id='word_1_125' title='bbox 1056 1595 1214 1696; x_wconf 80' lang='lat' dir='ltr'>Polybio]</span> <span class='ocrx_word' id='word_1_126' title='bbox 1235 1609 1268 1677; x_wconf 92' lang='lat' dir='ltr'>in</span> <span class='ocrx_word' id='word_1_127' title='bbox 1281 1606 1459 1702; x_wconf 83' lang='lat' dir='ltr'>Epiphanii</span> <span class='ocrx_word' id='word_1_128' title='bbox 1474 1606 1539 1674; x_wconf 85' lang='lat' dir='ltr'>vita</span> <span class='ocrx_word' id='word_1_129' title='bbox 1560 1603 1645 1701; x_wconf 88' lang='lat' dir='ltr'>[cap.</span> <span class='ocrx_word' id='word_1_130' title='bbox 1663 1607 1733 1702; x_wconf 69' lang='lat'>49]</span> <span class='ocrx_word' id='word_1_131' title='bbox 1754 1598 1906 1708; x_wconf 52' lang='grc' dir='ltr'><strong><em>χληςηκδς·</em></strong></span> <span class='ocrx_word' id='word_1_132' title='bbox 1920 1599 1997 1684; x_wconf 61' lang='lat'>0223</span> <span class='ocrx_word' id='word_1_133' title='bbox 2010 1597 2142 1706; x_wconf 53' lang='grc'>444544,</span> 
     </span>
     <span class='ocr_line' id='line_1_13' title="bbox 532 1702 2143 1812; baseline -0.004 -25"><span class='ocrx_word' id='word_1_134' title='bbox 532 1709 726 1812; x_wconf 78' lang='lat' dir='ltr'>adpellatur.</span> <span class='ocrx_word' id='word_1_135' title='bbox 775 1711 943 1783; x_wconf 84' lang='lat' dir='ltr'>Praeclara</span> <span class='ocrx_word' id='word_1_136' title='bbox 962 1706 1083 1796; x_wconf 80' lang='lat' dir='ltr'>ibidem</span> <span class='ocrx_word' id='word_1_137' title='bbox 1108 1715 1156 1780; x_wconf 87' lang='lat' dir='ltr'>vir</span> <span class='ocrx_word' id='word_1_138' title='bbox 1174 1705 1402 1781; x_wconf 75' lang='lat' dir='ltr'>eruditissimus</span> <span class='ocrx_word' id='word_1_139' title='bbox 1421 1702 1571 1778; x_wconf 81' lang='lat' dir='ltr'>obseruat</span> <span class='ocrx_word' id='word_1_140' title='bbox 1593 1703 1633 1777; x_wconf 89' lang='lat' dir='ltr'>de</span> <span class='ocrx_word' id='word_1_141' title='bbox 1652 1709 1835 1784; x_wconf 80' lang='lat' dir='ltr'><strong>rhetoribus</strong></span> <span class='ocrx_word' id='word_1_142' title='bbox 1859 1715 1972 1784; x_wconf 83' lang='lat' dir='ltr'>veteris</span> <span class='ocrx_word' id='word_1_143' title='bbox 1992 1709 2143 1794; x_wconf 84' lang='lat' dir='ltr'>ecclefiae,</span> 
     </span>
     <span class='ocr_line' id='line_1_14' title="bbox 532 1805 2230 1918; baseline -0.005 -28"><span class='ocrx_word' id='word_1_144' title='bbox 532 1842 719 1918; x_wconf 88' lang='lat' dir='ltr'>eorumque</span> <span class='ocrx_word' id='word_1_145' title='bbox 733 1811 863 1898; x_wconf 87' lang='lat' dir='ltr'>officio,</span> <span class='ocrx_word' id='word_1_146' title='bbox 886 1808 987 1884; x_wconf 85' lang='lat' dir='ltr'>sacras</span> <span class='ocrx_word' id='word_1_147' title='bbox 1003 1812 1122 1886; x_wconf 78' lang='lat' dir='ltr'>litteras</span> <span class='ocrx_word' id='word_1_148' title='bbox 1135 1809 1290 1884; x_wconf 80' lang='lat' dir='ltr'>etlrissor.</span> <span class='ocrx_word' id='word_1_149' title='bbox 1306 1805 1553 1911; x_wconf 80' lang='lat' dir='ltr'>ecclesiasticam</span> <span class='ocrx_word' id='word_1_150' title='bbox 1569 1808 1726 1885; x_wconf 88' lang='lat' dir='ltr'>tradendi.</span> <span class='ocrx_word' id='word_1_151' title='bbox 1754 1817 1882 1885; x_wconf 76' lang='lat' dir='ltr'>Febris.</span> <span class='ocrx_word' id='word_1_152' title='bbox 1914 1853 1965 1869; x_wconf 91' lang='lat'><em>-</em></span> <span class='ocrx_word' id='word_1_153' title='bbox 1996 1806 2093 1883; x_wconf 83' lang='lat' dir='ltr'>Sedes</span> <span class='ocrx_word' id='word_1_154' title='bbox 2113 1809 2144 1882; x_wconf 82' lang='lat' dir='ltr'>il</span> <span class='ocrx_word' id='word_1_155' title='bbox 2229 1812 2230 1816; x_wconf 64' lang='grc'>’</span> 
     </span>
     <span class='ocr_line' id='line_1_15' title="bbox 531 1907 2230 2019; baseline -0.006 -25"><span class='ocrx_word' id='word_1_156' title='bbox 531 1923 667 2000; x_wconf 81' lang='lat' dir='ltr'>lorum,</span> <span class='ocrx_word' id='word_1_157' title='bbox 690 1918 744 1990; x_wconf 83' lang='lat' dir='ltr'>vbi</span> <span class='ocrx_word' id='word_1_158' title='bbox 758 1915 1012 2018; x_wconf 85' lang='lat' dir='ltr'>profitebantur,</span> <span class='ocrx_word' id='word_1_159' title='bbox 1036 1910 1155 2019; x_wconf 66' lang='grc' dir='ltr'><strong>θρὸνος</strong></span> <span class='ocrx_word' id='word_1_160' title='bbox 1167 1907 1355 2018; x_wconf 60' lang='lat' dir='ltr'>peroptatis,</span> <span class='ocrx_word' id='word_1_161' title='bbox 1382 1913 1432 1985; x_wconf 91' lang='lat' dir='ltr'>illi</span> <span class='ocrx_word' id='word_1_162' title='bbox 1448 1938 1525 1984; x_wconf 85' lang='lat' dir='ltr'>sero</span> <span class='ocrx_word' id='word_1_163' title='bbox 1542 1909 1600 2010; x_wconf 88' lang='lat' dir='ltr'>ipli</span> <span class='ocrx_word' id='word_1_164' title='bbox 1615 1919 1713 1988; x_wconf 86' lang='lat' dir='ltr'>etiarn</span> <span class='ocrx_word' id='word_1_165' title='bbox 1726 1913 1915 2016; x_wconf 78' lang='lat' dir='ltr'>simpliciter</span> <span class='ocrx_word' id='word_1_166' title='bbox 1928 1907 2083 2016; x_wconf 54' lang='lat' dir='ltr'>piraque,</span> <span class='ocrx_word' id='word_1_167' title='bbox 2106 1913 2145 1984; x_wconf 85' lang='lat' dir='ltr'>la·</span> <span class='ocrx_word' id='word_1_168' title='bbox 2229 1915 2230 1990; x_wconf 67' lang='grc' dir='ltr'>ζ</span> 
     </span>
     <span class='ocr_line' id='line_1_16' title="bbox 533 2015 2149 2120; baseline -0.007 -22"><span class='ocrx_word' id='word_1_169' title='bbox 533 2027 610 2098; x_wconf 88' lang='lat' dir='ltr'>tiois</span> <span class='ocrx_word' id='word_1_170' title='bbox 626 2019 834 2120; x_wconf 81' lang='lat' dir='ltr'>scriptoribus</span> <span class='ocrx_word' id='word_1_171' title='bbox 849 2017 1058 2102; x_wconf 59' lang='lat' dir='ltr'>traderem,</span> <span class='ocrx_word' id='word_1_172' title='bbox 1082 2023 1113 2092; x_wconf 92' lang='lat' dir='ltr'>h.</span> <span class='ocrx_word' id='word_1_173' title='bbox 1131 2049 1158 2091; x_wconf 86' lang='lat' dir='ltr'>e.</span> <span class='ocrx_word' id='word_1_174' title='bbox 1174 2039 1346 2117; x_wconf 83' lang='lat' dir='ltr'>exegetae,</span> <span class='ocrx_word' id='word_1_175' title='bbox 1371 2015 1627 2117; x_wconf 86' lang='lat' dir='ltr'>adpellabantur.</span> <span class='ocrx_word' id='word_1_176' title='bbox 1653 2015 1719 2092; x_wconf 88' lang='lat' dir='ltr'>vid.</span> <span class='ocrx_word' id='word_1_177' title='bbox 1731 2017 1974 2092; x_wconf 88' lang='lat' dir='ltr'>Giacomellum</span> <span class='ocrx_word' id='word_1_178' title='bbox 1991 2017 2032 2088; x_wconf 89' lang='lat' dir='ltr'>ad</span> <span class='ocrx_word' id='word_1_179' title='bbox 2048 2017 2149 2089; x_wconf 81' lang='lat' dir='ltr'>Philo·</span> 
     </span>
     <span class='ocr_line' id='line_1_17' title="bbox 532 2115 2147 2225; baseline -0.006 -23"><span class='ocrx_word' id='word_1_180' title='bbox 532 2132 595 2215; x_wconf 88' lang='lat' dir='ltr'>nis,</span> <span class='ocrx_word' id='word_1_181' title='bbox 612 2123 768 2224; x_wconf 85' lang='lat' dir='ltr'>Carpnsri,</span> <span class='ocrx_word' id='word_1_182' title='bbox 785 2123 925 2196; x_wconf 78' lang='lat' dir='ltr'>librum:</span> <span class='ocrx_word' id='word_1_183' title='bbox 948 2128 1003 2225; x_wconf 90' lang='lat' dir='ltr'>qui</span> <span class='ocrx_word' id='word_1_184' title='bbox 1021 2127 1118 2196; x_wconf 86' lang='lat' dir='ltr'>etiam</span> <span class='ocrx_word' id='word_1_185' title='bbox 1133 2117 1163 2196; x_wconf 83' lang='lat' dir='ltr'>et</span> <span class='ocrx_word' id='word_1_186' title='bbox 1180 2115 1305 2195; x_wconf 85' lang='lat' dir='ltr'>Ernesli</span> <span class='ocrx_word' id='word_1_187' title='bbox 1320 2126 1352 2194; x_wconf 87' lang='lat' dir='ltr'>in</span> <span class='ocrx_word' id='word_1_188' title='bbox 1370 2115 1502 2194; x_wconf 75' lang='lat' dir='ltr'>sensura</span> <span class='ocrx_word' id='word_1_189' title='bbox 1517 2118 1604 2208; x_wconf 84' lang='lat' dir='ltr'>libri,</span> <span class='ocrx_word' id='word_1_190' title='bbox 1616 2121 1639 2190; x_wconf 80' lang='lat' dir='ltr'>a&#39;</span> <span class='ocrx_word' id='word_1_191' title='bbox 1651 2115 1733 2196; x_wconf 91' lang='lat' dir='ltr'>Phil.</span> <span class='ocrx_word' id='word_1_192' title='bbox 1749 2120 1904 2218; x_wconf 83' lang='lat' dir='ltr'>Carpafio</span> <span class='ocrx_word' id='word_1_193' title='bbox 1920 2117 2044 2219; x_wconf 89' lang='lat' dir='ltr'>scripti,</span> <span class='ocrx_word' id='word_1_194' title='bbox 2064 2115 2147 2216; x_wconf 84' lang='lat' dir='ltr'>supra</span> 
     </span>
    </p>

    <p class='ocr_par' dir='ltr' id='par_1_6' title="bbox 442 2216 2149 2535">
     <span class='ocr_line' id='line_1_18' title="bbox 500 2216 2148 2331; baseline -0.004 -30"><span class='ocrx_word' id='word_1_195' title='bbox 500 2321 505 2331; x_wconf 32' lang='grc' dir='ltr'>Ι</span> <span class='ocrx_word' id='word_1_196' title='bbox 528 2229 673 2315; x_wconf 84' lang='lat' dir='ltr'>laudata,</span> <span class='ocrx_word' id='word_1_197' title='bbox 690 2230 863 2301; x_wconf 82' lang='lat' dir='ltr'>Philonem</span> <span class='ocrx_word' id='word_1_198' title='bbox 882 2229 968 2300; x_wconf 80' lang='lat' dir='ltr'>lrunc</span> <span class='ocrx_word' id='word_1_199' title='bbox 983 2216 1134 2328; x_wconf 68' lang='grc' dir='ltr'>κληρικὲο</span> <span class='ocrx_word' id='word_1_200' title='bbox 1152 2218 1225 2304; x_wconf 72' lang='lat' dir='ltr'>cirri</span> <span class='ocrx_word' id='word_1_201' title='bbox 1242 2216 1397 2330; x_wconf 69' lang='grc' dir='ltr'>ῥητέρων,</span> <span class='ocrx_word' id='word_1_202' title='bbox 1413 2229 1519 2316; x_wconf 86' lang='lat' dir='ltr'>(cuius</span> <span class='ocrx_word' id='word_1_203' title='bbox 1534 2218 1705 2296; x_wconf 87' lang='lat' dir='ltr'>formulae</span> <span class='ocrx_word' id='word_1_204' title='bbox 1719 2229 1784 2296; x_wconf 86' lang='lat' dir='ltr'>vim</span> <span class='ocrx_word' id='word_1_205' title='bbox 1794 2225 1995 2309; x_wconf 87' lang='lat' dir='ltr'>Tillemont,</span> <span class='ocrx_word' id='word_1_206' title='bbox 2022 2225 2148 2310; x_wconf 83' lang='lat' dir='ltr'>Ceiller,</span> 
     </span>
     <span class='ocr_line' id='line_1_19' title="bbox 442 2323 2149 2436; baseline -0.006 -27"><span class='ocrx_word' id='word_1_207' title='bbox 442 2325 448 2332; x_wconf 54' lang='grc'><strong>’</strong></span> <span class='ocrx_word' id='word_1_208' title='bbox 534 2339 659 2436; x_wconf 87' lang='lat' dir='ltr'>aliique</span> <span class='ocrx_word' id='word_1_209' title='bbox 680 2334 769 2407; x_wconf 83' lang='lat' dir='ltr'>male</span> <span class='ocrx_word' id='word_1_210' title='bbox 794 2330 1037 2417; x_wconf 84' lang='lat' dir='ltr'>intellexerant,</span> <span class='ocrx_word' id='word_1_211' title='bbox 1062 2333 1234 2416; x_wconf 76' lang='lat' dir='ltr'>arbitrati,</span> <span class='ocrx_word' id='word_1_212' title='bbox 1253 2330 1409 2401; x_wconf 80' lang='lat' dir='ltr'>denotare</span> <span class='ocrx_word' id='word_1_213' title='bbox 1428 2353 1527 2411; x_wconf 88' lang='lat' dir='ltr'>eum,</span> <span class='ocrx_word' id='word_1_214' title='bbox 1557 2331 1632 2426; x_wconf 91' lang='lat' dir='ltr'>qui,</span> <span class='ocrx_word' id='word_1_215' title='bbox 1650 2347 1744 2400; x_wconf 79' lang='lat' dir='ltr'>antea</span> <span class='ocrx_word' id='word_1_216' title='bbox 1765 2323 2012 2427; x_wconf 82' lang='lat' dir='ltr'>ius‘prosessus,</span> <span class='ocrx_word' id='word_1_217' title='bbox 2038 2325 2149 2400; x_wconf 88' lang='lat' dir='ltr'>deinde</span> 
     </span>
     <span class='ocr_line' id='line_1_20' title="bbox 533 2423 2148 2535; baseline -0.004 -23"><span class='ocrx_word' id='word_1_218' title='bbox 533 2439 682 2522; x_wconf 81' lang='lat' dir='ltr'>Clericus</span> <span class='ocrx_word' id='word_1_219' title='bbox 696 2433 802 2512; x_wconf 76' lang='lat' dir='ltr'>fassus</span> <span class='ocrx_word' id='word_1_220' title='bbox 817 2430 919 2528; x_wconf 66' lang='lat' dir='ltr'>eset)</span> <span class='ocrx_word' id='word_1_221' title='bbox 933 2453 967 2508; x_wconf 84' lang='lat' dir='ltr'>et</span> <span class='ocrx_word' id='word_1_222' title='bbox 980 2434 1165 2522; x_wconf 75' lang='lat' dir='ltr'>Philonem,</span> <span class='ocrx_word' id='word_1_223' title='bbox 1179 2423 1373 2535; x_wconf 79' lang='lat' dir='ltr'>episcopum</span> <span class='ocrx_word' id='word_1_224' title='bbox 1389 2427 1597 2532; x_wconf 76' lang='lat' dir='ltr'>Caspasum,</span> <span class='ocrx_word' id='word_1_225' title='bbox 1617 2455 1722 2506; x_wconf 84' lang='lat' dir='ltr'>voum</span> <span class='ocrx_word' id='word_1_226' title='bbox 1738 2428 1959 2534; x_wconf 78' lang='lat' dir='ltr'>eumdemque</span> <span class='ocrx_word' id='word_1_227' title='bbox 1973 2425 2073 2505; x_wconf 85' lang='lat' dir='ltr'>suilse</span> <span class='ocrx_word' id='word_1_228' title='bbox 2084 2457 2148 2506; x_wconf 87' lang='lat' dir='ltr'>cen·</span> 
     </span>
    </p>
   </div>
   <div class='ocr_carea' id='block_1_5' title="bbox 414 2532 2231 3250">
    <p class='ocr_par' dir='ltr' id='par_1_7' title="bbox 414 2532 2231 3250">
     <span class='ocr_line' id='line_1_21' title="bbox 533 2532 1907 2616; baseline -0.003 0"><span class='ocrx_word' id='word_1_229' title='bbox 533 2532 613 2616; x_wconf 86' lang='lat' dir='ltr'>sent.</span> <span class='ocrx_word' id='word_1_230' title='bbox 640 2543 739 2615; x_wconf 82' lang='lat' dir='ltr'>Hori.</span> <span class='ocrx_word' id='word_1_231' title='bbox 1898 2595 1907 2612; x_wconf 85' lang='lat'>.</span> 
     </span>
     <span class='ocr_line' id='line_1_22' title="bbox 431 2629 2129 2770; baseline -0.002 -24"><span class='ocrx_word' id='word_1_232' title='bbox 431 2633 549 2760; x_wconf 73' lang='lat' dir='ltr'>Philo,</span> <span class='ocrx_word' id='word_1_233' title='bbox 573 2671 746 2755; x_wconf 81' lang='lat' dir='ltr'>Timonis,</span> <span class='ocrx_word' id='word_1_234' title='bbox 760 2661 892 2766; x_wconf 82' lang='lat' dir='ltr'>sceptici</span> <span class='ocrx_word' id='word_1_235' title='bbox 905 2629 1100 2770; x_wconf 76' lang='lat' dir='ltr'>plrilosoplri</span> <span class='ocrx_word' id='word_1_236' title='bbox 1114 2645 1305 2758; x_wconf 60' lang='lat' dir='ltr'>Pyrrhonis</span> <span class='ocrx_word' id='word_1_237' title='bbox 1319 2661 1508 2770; x_wconf 88' lang='lat' dir='ltr'>discipulus,</span> <span class='ocrx_word' id='word_1_238' title='bbox 1525 2665 1739 2742; x_wconf 80' lang='lat' dir='ltr'>Atheniensis.</span> <span class='ocrx_word' id='word_1_239' title='bbox 1767 2669 1923 2741; x_wconf 72' lang='lat' dir='ltr'>Laertius</span> <span class='ocrx_word' id='word_1_240' title='bbox 1937 2671 1992 2742; x_wconf 89' lang='lat' dir='ltr'>lX.</span> <span class='ocrx_word' id='word_1_241' title='bbox 2005 2675 2064 2760; x_wconf 78' lang='lat'>67.</span> <span class='ocrx_word' id='word_1_242' title='bbox 2077 2677 2129 2764; x_wconf 82' lang='lat'>69.</span> 
     </span>
     <span class='ocr_line' id='line_1_23' title="bbox 431 2797 2231 2906; baseline -0.007 -18"><span class='ocrx_word' id='word_1_243' title='bbox 431 2808 553 2898; x_wconf 80' lang='lat' dir='ltr'>Philo,</span> <span class='ocrx_word' id='word_1_244' title='bbox 577 2805 782 2889; x_wconf 83' lang='lat' dir='ltr'>Sabbathias,</span> <span class='ocrx_word' id='word_1_245' title='bbox 808 2797 892 2894; x_wconf 71' lang='lat' dir='ltr'>(stuc</span> <span class='ocrx_word' id='word_1_246' title='bbox 907 2829 973 2887; x_wconf 79' lang='lat' dir='ltr'>vno</span> <span class='ocrx_word' id='word_1_247' title='bbox 988 2807 1095 2902; x_wconf 90' lang='lat' dir='ltr'>potius</span> <span class='ocrx_word' id='word_1_248' title='bbox 1109 2799 1274 2876; x_wconf 81' lang='lat' dir='ltr'>vocabulo</span> <span class='ocrx_word' id='word_1_249' title='bbox 1287 2798 1612 2902; x_wconf 51' lang='lat' dir='ltr'>Ornsoasdsdsr&#39;rrssd</span> <span class='ocrx_word' id='word_1_250' title='bbox 1628 2801 1783 2892; x_wconf 81' lang='lat' dir='ltr'>ludaeos,</span> <span class='ocrx_word' id='word_1_251' title='bbox 1808 2809 1864 2906; x_wconf 88' lang='lat' dir='ltr'>qui</span> <span class='ocrx_word' id='word_1_252' title='bbox 1881 2823 2010 2906; x_wconf 84' lang='lat' dir='ltr'>praeter</span> <span class='ocrx_word' id='word_1_253' title='bbox 2023 2800 2151 2878; x_wconf 81' lang='lat' dir='ltr'>Celsum</span> <span class='ocrx_word' id='word_1_254' title='bbox 2230 2873 2231 2896; x_wconf 57' lang='lat'>,</span> 
     </span>
     <span class='ocr_line' id='line_1_24' title="bbox 447 2899 2231 3014; baseline -0.007 -27"><span class='ocrx_word' id='word_1_255' title='bbox 447 2918 466 2971; x_wconf 67' lang='grc' dir='ltr'><strong>ἶ</strong></span> <span class='ocrx_word' id='word_1_256' title='bbox 535 2927 573 2986; x_wconf 80' lang='lat' dir='ltr'>&#39;ac</span> <span class='ocrx_word' id='word_1_257' title='bbox 587 2910 810 3011; x_wconf 83' lang='lat' dir='ltr'>Porphyrium</span> <span class='ocrx_word' id='word_1_258' title='bbox 828 2903 1000 3006; x_wconf 85' lang='lat' dir='ltr'>euangelia</span> <span class='ocrx_word' id='word_1_259' title='bbox 1016 2899 1135 3005; x_wconf 82' lang='lat' dir='ltr'>scripto</span> <span class='ocrx_word' id='word_1_260' title='bbox 1153 2909 1379 3014; x_wconf 87' lang='lat' dir='ltr'>oppugnauit,</span> <span class='ocrx_word' id='word_1_261' title='bbox 1403 2903 1481 2980; x_wconf 87' lang='lat' dir='ltr'>telle</span> <span class='ocrx_word' id='word_1_262' title='bbox 1496 2905 1677 3002; x_wconf 73' lang='lat' dir='ltr'>Epiphanio</span> <span class='ocrx_word' id='word_1_263' title='bbox 1692 2912 1795 2992; x_wconf 55' lang='lat' dir='ltr'>Li&amp;</span> <span class='ocrx_word' id='word_1_264' title='bbox 1819 2927 1903 2983; x_wconf 89' lang='lat' dir='ltr'>torn.</span> <span class='ocrx_word' id='word_1_265' title='bbox 1917 2911 1944 2983; x_wconf 90' lang='lat' dir='ltr'>l.</span> <span class='ocrx_word' id='word_1_266' title='bbox 1967 2934 2048 3010; x_wconf 86' lang='lat' dir='ltr'>pag.</span> <span class='ocrx_word' id='word_1_267' title='bbox 2061 2932 2132 3003; x_wconf 61' lang='lat'>429</span> <span class='ocrx_word' id='word_1_268' title='bbox 2230 2899 2231 2974; x_wconf 75' lang='lat' dir='ltr'>l</span> 
     </span>
     <span class='ocr_line' id='line_1_25' title="bbox 414 3019 2231 3148; baseline -0.007 -24"><span class='ocrx_word' id='word_1_269' title='bbox 414 3051 553 3140; x_wconf 73' lang='lat' dir='ltr'>Philo,</span> <span class='ocrx_word' id='word_1_270' title='bbox 579 3041 743 3148; x_wconf 87' lang='lat' dir='ltr'>sophisla,</span> <span class='ocrx_word' id='word_1_271' title='bbox 766 3043 857 3114; x_wconf 89' lang='lat' dir='ltr'>cuius</span> <span class='ocrx_word' id='word_1_272' title='bbox 875 3039 957 3114; x_wconf 90' lang='lat' dir='ltr'>liber</span> <span class='ocrx_word' id='word_1_273' title='bbox 971 3036 1011 3112; x_wconf 89' lang='lat' dir='ltr'>de</span> <span class='ocrx_word' id='word_1_274' title='bbox 1025 3041 1100 3116; x_wconf 85' lang='lat' dir='ltr'>Vll.</span> <span class='ocrx_word' id='word_1_275' title='bbox 1118 3041 1204 3112; x_wconf 89' lang='lat' dir='ltr'>orbis</span> <span class='ocrx_word' id='word_1_276' title='bbox 1216 3035 1408 3139; x_wconf 76' lang='lat' dir='ltr'>speslaculis</span> <span class='ocrx_word' id='word_1_277' title='bbox 1422 3041 1535 3117; x_wconf 81' lang='lat' dir='ltr'>exslat.</span> <span class='ocrx_word' id='word_1_278' title='bbox 1588 3041 1692 3131; x_wconf 89' lang='lat' dir='ltr'>Vide,</span> <span class='ocrx_word' id='word_1_279' title='bbox 1707 3039 1798 3144; x_wconf 81' lang='lat' dir='ltr'>&#39;quae</span> <span class='ocrx_word' id='word_1_280' title='bbox 1815 3039 1854 3116; x_wconf 84' lang='lat' dir='ltr'>de</span> <span class='ocrx_word' id='word_1_281' title='bbox 1871 3069 1914 3116; x_wconf 89' lang='lat' dir='ltr'>eo</span> <span class='ocrx_word' id='word_1_282' title='bbox 1928 3039 1993 3115; x_wconf 86' lang='lat' dir='ltr'>dixi</span> <span class='ocrx_word' id='word_1_283' title='bbox 2015 3042 2089 3116; x_wconf 82' lang='lat' dir='ltr'>lr‘ur.</span> <span class='ocrx_word' id='word_1_284' title='bbox 2101 3043 2151 3114; x_wconf 92' lang='lat' dir='ltr'>lll.</span> <span class='ocrx_word' id='word_1_285' title='bbox 2230 3019 2231 3104; x_wconf 67' lang='lat'><em>}</em></span> 
     </span>
     <span class='ocr_line' id='line_1_26' title="bbox 441 3137 1966 3250; baseline -0.003 -27"><span class='ocrx_word' id='word_1_286' title='bbox 441 3186 447 3203; x_wconf 58' lang='grc' dir='ltr'>ν</span> <span class='ocrx_word' id='word_1_287' title='bbox 536 3175 608 3250; x_wconf 81' lang='lat' dir='ltr'>sap.</span> <span class='ocrx_word' id='word_1_288' title='bbox 622 3171 676 3235; x_wconf 78' lang='lat'>24.</span> <span class='ocrx_word' id='word_1_289' title='bbox 690 3145 724 3242; x_wconf 80' lang='lat'>§.</span> <span class='ocrx_word' id='word_1_290' title='bbox 741 3169 773 3236; x_wconf 87' lang='grc'>4.</span> <span class='ocrx_word' id='word_1_291' title='bbox 794 3145 845 3238; x_wconf 88' lang='lat' dir='ltr'>[io</span> <span class='ocrx_word' id='word_1_292' title='bbox 858 3143 926 3215; x_wconf 88' lang='lat' dir='ltr'>hoe</span> <span class='ocrx_word' id='word_1_293' title='bbox 940 3141 1112 3216; x_wconf 84' lang='lat' dir='ltr'>volumine</span> <span class='ocrx_word' id='word_1_294' title='bbox 1126 3169 1202 3244; x_wconf 89' lang='lat' dir='ltr'>pag.</span> <span class='ocrx_word' id='word_1_295' title='bbox 1218 3167 1277 3232; x_wconf 79' lang='lat'>232</span> <span class='ocrx_word' id='word_1_296' title='bbox 1289 3137 1402 3244; x_wconf 83' lang='lat' dir='ltr'>sq.]&#39;et</span> <span class='ocrx_word' id='word_1_297' title='bbox 1416 3139 1514 3244; x_wconf 85' lang='lat' dir='ltr'>supra</span> <span class='ocrx_word' id='word_1_298' title='bbox 1529 3148 1563 3217; x_wconf 93' lang='lat' dir='ltr'>in</span> <span class='ocrx_word' id='word_1_299' title='bbox 1578 3145 1735 3233; x_wconf 82' lang='lat' dir='ltr'>Philone,</span> <span class='ocrx_word' id='word_1_300' title='bbox 1759 3145 1966 3222; x_wconf 81' lang='lat' dir='ltr'>Heracleote.</span> 
     </span>
    </p>
   </div>
   <div class='ocr_carea' id='block_1_6' title="bbox 223 3274 2155 3690">
    <p class='ocr_par' dir='ltr' id='par_1_8' title="bbox 433 3274 2155 3380">
     <span class='ocr_line' id='line_1_27' title="bbox 433 3274 2155 3380; baseline -0.006 -14"><span class='ocrx_word' id='word_1_301' title='bbox 433 3285 550 3372; x_wconf 79' lang='lat' dir='ltr'>Philo,</span> <span class='ocrx_word' id='word_1_302' title='bbox 574 3275 743 3355; x_wconf 74' lang='lat' dir='ltr'>Tarsensis</span> <span class='ocrx_word' id='word_1_303' title='bbox 760 3275 937 3369; x_wconf 83' lang='lat' dir='ltr'>diaconus,</span> <span class='ocrx_word' id='word_1_304' title='bbox 960 3279 1018 3374; x_wconf 91' lang='lat' dir='ltr'>qui</span> <span class='ocrx_word' id='word_1_305' title='bbox 1030 3301 1106 3349; x_wconf 89' lang='lat' dir='ltr'>eum</span> <span class='ocrx_word' id='word_1_306' title='bbox 1123 3275 1344 3378; x_wconf 82' lang='lat' dir='ltr'>Agathopode</span> <span class='ocrx_word' id='word_1_307' title='bbox 1365 3291 1398 3352; x_wconf 85' lang='lat' dir='ltr'>et</span> <span class='ocrx_word' id='word_1_308' title='bbox 1414 3281 1498 3353; x_wconf 86' lang='lat' dir='ltr'>Gaio</span> <span class='ocrx_word' id='word_1_309' title='bbox 1515 3281 1547 3352; x_wconf 91' lang='lat' dir='ltr'>S.</span> <span class='ocrx_word' id='word_1_310' title='bbox 1566 3283 1729 3380; x_wconf 77' lang='lat' dir='ltr'>lgnatium</span> <span class='ocrx_word' id='word_1_311' title='bbox 1745 3283 1870 3374; x_wconf 85' lang='lat' dir='ltr'>eSyria</span> <span class='ocrx_word' id='word_1_312' title='bbox 1893 3286 2070 3356; x_wconf 88' lang='lat' dir='ltr'>comitatus</span> <span class='ocrx_word' id='word_1_313' title='bbox 2086 3274 2155 3358; x_wconf 78' lang='lat' dir='ltr'>else.</span> 
     </span>
    </p>

    <p class='ocr_par' dir='ltr' id='par_1_9' title="bbox 223 3377 2155 3482">
     <span class='ocr_line' id='line_1_28' title="bbox 223 3377 2155 3482; baseline -0.004 -22"><span class='ocrx_word' id='word_1_314' title='bbox 223 3451 226 3460; x_wconf 95' lang='lat'>.</span> <span class='ocrx_word' id='word_1_315' title='bbox 346 3383 357 3392; x_wconf 56' lang='lat'><strong>⁹</strong></span> <span class='ocrx_word' id='word_1_316' title='bbox 536 3406 569 3478; x_wconf 72' lang='lat' dir='ltr'>pt</span> <span class='ocrx_word' id='word_1_317' title='bbox 583 3385 736 3474; x_wconf 84' lang='lat' dir='ltr'>martyrii</span> <span class='ocrx_word' id='word_1_318' title='bbox 752 3385 819 3454; x_wconf 88' lang='lat' dir='ltr'>eius</span> <span class='ocrx_word' id='word_1_319' title='bbox 835 3382 906 3453; x_wconf 76' lang='lat' dir='ltr'>asia</span> <span class='ocrx_word' id='word_1_320' title='bbox 920 3377 1128 3452; x_wconf 81' lang='lat' dir='ltr'>concinnasse</span> <span class='ocrx_word' id='word_1_321' title='bbox 1142 3377 1289 3454; x_wconf 88' lang='lat' dir='ltr'>traditur.</span> <span class='ocrx_word' id='word_1_322' title='bbox 1313 3379 1377 3454; x_wconf 82' lang='lat' dir='ltr'>rid.</span> <span class='ocrx_word' id='word_1_323' title='bbox 1388 3380 1576 3480; x_wconf 82' lang='lat' dir='ltr'>epistolam,</span> <span class='ocrx_word' id='word_1_324' title='bbox 1593 3389 1603 3452; x_wconf 95' lang='lat' dir='ltr'>l</span> <span class='ocrx_word' id='word_1_325' title='bbox 1606 3386 1721 3482; x_wconf 86' lang='lat' dir='ltr'>gnatio</span> <span class='ocrx_word' id='word_1_326' title='bbox 1734 3380 1942 3482; x_wconf 86' lang='lat' dir='ltr'>adscriptam,</span> <span class='ocrx_word' id='word_1_327' title='bbox 1957 3383 1998 3458; x_wconf 90' lang='lat' dir='ltr'>ad</span> <span class='ocrx_word' id='word_1_328' title='bbox 2016 3380 2155 3458; x_wconf 81' lang='lat' dir='ltr'>Tarsen-</span> 
     </span>
    </p>

    <p class='ocr_par' dir='ltr' id='par_1_10' title="bbox 355 3475 2153 3690">
     <span class='ocr_line' id='line_1_29' title="bbox 537 3475 2153 3588; baseline -0.004 -25.81"><span class='ocrx_word' id='word_1_329' title='bbox 537 3485 587 3563; x_wconf 86' lang='lat' dir='ltr'>ses</span> <span class='ocrx_word' id='word_1_330' title='bbox 607 3511 678 3582; x_wconf 78' lang='lat' dir='ltr'>eap.</span> <span class='ocrx_word' id='word_1_331' title='bbox 694 3487 732 3558; x_wconf 88' lang='grc' dir='ltr'>Χ.</span> <span class='ocrx_word' id='word_1_332' title='bbox 755 3487 798 3556; x_wconf 81' lang='lat' dir='ltr'>ad</span> <span class='ocrx_word' id='word_1_333' title='bbox 812 3480 1050 3556; x_wconf 70' lang='lat' dir='ltr'>Antiochense</span> <span class='ocrx_word' id='word_1_334' title='bbox 1060 3510 1132 3580; x_wconf 85' lang='lat' dir='ltr'>cap.</span> <span class='ocrx_word' id='word_1_335' title='bbox 1147 3485 1230 3555; x_wconf 87' lang='lat' dir='ltr'>Xlll.</span> <span class='ocrx_word' id='word_1_336' title='bbox 1256 3475 1377 3579; x_wconf 73' lang='lat' dir='ltr'>[insra,</span> <span class='ocrx_word' id='word_1_337' title='bbox 1401 3485 1456 3558; x_wconf 90' lang='lat' dir='ltr'>lib.</span> <span class='ocrx_word' id='word_1_338' title='bbox 1472 3491 1512 3560; x_wconf 88' lang='lat' dir='ltr'>V.</span> <span class='ocrx_word' id='word_1_339' title='bbox 1537 3511 1655 3584; x_wconf 81' lang='lat' dir='ltr'>capr.</span> <span class='ocrx_word' id='word_1_340' title='bbox 1678 3488 1743 3560; x_wconf 80' lang='lat' dir='ltr'>vol.</span> <span class='ocrx_word' id='word_1_341' title='bbox 1760 3493 1801 3566; x_wconf 87' lang='lat' dir='ltr'>V.</span> <span class='ocrx_word' id='word_1_342' title='bbox 1822 3511 1898 3588; x_wconf 85' lang='lat' dir='ltr'>pag.</span> <span class='ocrx_word' id='word_1_343' title='bbox 1914 3512 1967 3579; x_wconf 66' lang='lat' dir='ltr'>sa</span> <span class='ocrx_word' id='word_1_344' title='bbox 1990 3491 2153 3588; x_wconf 78' lang='lat' dir='ltr'>inprimis</span> 
     </span>
     <span class='ocr_line' id='line_1_30' title="bbox 537 3581 1775 3690; baseline 0.002 -28"><span class='ocrx_word' id='word_1_345' title='bbox 537 3593 679 3668; x_wconf 75' lang='lat' dir='ltr'>Caurum</span> <span class='ocrx_word' id='word_1_346' title='bbox 694 3583 883 3688; x_wconf 78' lang='lat' dir='ltr'>iuhilloria</span> <span class='ocrx_word' id='word_1_347' title='bbox 892 3587 1047 3660; x_wconf 86' lang='lat' dir='ltr'>litteraria</span> <span class='ocrx_word' id='word_1_348' title='bbox 1062 3581 1170 3684; x_wconf 87' lang='lat' dir='ltr'>script.</span> <span class='ocrx_word' id='word_1_349' title='bbox 1182 3582 1297 3664; x_wconf 76' lang='lat' dir='ltr'>eccles.</span> <span class='ocrx_word' id='word_1_350' title='bbox 1310 3590 1376 3662; x_wconf 81' lang='lat' dir='ltr'>sol.</span> <span class='ocrx_word' id='word_1_351' title='bbox 1392 3591 1419 3664; x_wconf 90' lang='lat'>1.</span> <span class='ocrx_word' id='word_1_352' title='bbox 1440 3613 1517 3690; x_wconf 85' lang='lat' dir='ltr'>pag.</span> <span class='ocrx_word' id='word_1_353' title='bbox 1529 3611 1569 3681; x_wconf 76' lang='lat'>43</span> <span class='ocrx_word' id='word_1_354' title='bbox 1585 3583 1630 3689; x_wconf 85' lang='lat' dir='ltr'>sq.</span> <span class='ocrx_word' id='word_1_355' title='bbox 1656 3591 1775 3686; x_wconf 73' lang='lat' dir='ltr'>Harl]</span> 
     </span>
    </p>
   </div>
   <div class='ocr_carea' id='block_1_7' title="bbox 416 3691 2155 4029">
    <p class='ocr_par' dir='ltr' id='par_1_11' title="bbox 416 3691 2155 4029">
     <span class='ocr_line' id='line_1_31' title="bbox 434 3691 2155 3825; baseline -0.004 -23"><span class='ocrx_word' id='word_1_356' title='bbox 434 3727 554 3825; x_wconf 78' lang='lat' dir='ltr'>Philo,</span> <span class='ocrx_word' id='word_1_357' title='bbox 578 3691 752 3798; x_wconf 83' lang='lat' dir='ltr'>Tarsensrs</span> <span class='ocrx_word' id='word_1_358' title='bbox 762 3718 928 3802; x_wconf 83' lang='lat' dir='ltr'>medicus,</span> <span class='ocrx_word' id='word_1_359' title='bbox 953 3723 1044 3791; x_wconf 86' lang='lat' dir='ltr'>culus</span> <span class='ocrx_word' id='word_1_360' title='bbox 1060 3715 1147 3818; x_wconf 87' lang='lat' dir='ltr'>apud</span> <span class='ocrx_word' id='word_1_361' title='bbox 1162 3719 1326 3796; x_wconf 68' lang='lat' dir='ltr'>(suenum</span> <span class='ocrx_word' id='word_1_362' title='bbox 1344 3727 1483 3816; x_wconf 85' lang='lat' dir='ltr'>mentio.</span> <span class='ocrx_word' id='word_1_363' title='bbox 1535 3728 1720 3811; x_wconf 88' lang='lat' dir='ltr'>Incertum,</span> <span class='ocrx_word' id='word_1_364' title='bbox 1746 3721 1878 3798; x_wconf 84' lang='lat' dir='ltr'>idemne</span> <span class='ocrx_word' id='word_1_365' title='bbox 1895 3721 2045 3800; x_wconf 81' lang='lat' dir='ltr'>medicus</span> <span class='ocrx_word' id='word_1_366' title='bbox 2062 3727 2155 3798; x_wconf 85' lang='lat' dir='ltr'>huius</span> 
     </span>
     <span class='ocr_line' id='line_1_32' title="bbox 534 3815 2154 3932; baseline -0.002 -28"><span class='ocrx_word' id='word_1_367' title='bbox 534 3831 703 3923; x_wconf 78' lang='lat' dir='ltr'>nonusis,</span> <span class='ocrx_word' id='word_1_368' title='bbox 727 3832 818 3898; x_wconf 88' lang='lat' dir='ltr'>cuius</span> <span class='ocrx_word' id='word_1_369' title='bbox 832 3821 918 3924; x_wconf 88' lang='lat' dir='ltr'>apud</span> <span class='ocrx_word' id='word_1_370' title='bbox 936 3815 1070 3919; x_wconf 84' lang='lat' dir='ltr'>Celsum</span> <span class='ocrx_word' id='word_1_371' title='bbox 1087 3843 1119 3894; x_wconf 89' lang='lat' dir='ltr'>et</span> <span class='ocrx_word' id='word_1_372' title='bbox 1132 3823 1215 3908; x_wconf 78' lang='lat' dir='ltr'>alios</span> <span class='ocrx_word' id='word_1_373' title='bbox 1227 3830 1312 3922; x_wconf 85' lang='lat' dir='ltr'>artis</span> <span class='ocrx_word' id='word_1_374' title='bbox 1329 3817 1471 3930; x_wconf 75' lang='lat' dir='ltr'>salutaris</span> <span class='ocrx_word' id='word_1_375' title='bbox 1493 3823 1834 3929; x_wconf 82' lang='lat' dir='ltr'>scriptoresmentio,</span> <span class='ocrx_word' id='word_1_376' title='bbox 1858 3833 1959 3902; x_wconf 85' lang='lat' dir='ltr'>etiarn</span> <span class='ocrx_word' id='word_1_377' title='bbox 1979 3826 2072 3932; x_wconf 87' lang='lat' dir='ltr'>apud</span> <span class='ocrx_word' id='word_1_378' title='bbox 2087 3827 2154 3900; x_wconf 92' lang='lat' dir='ltr'>Plu·</span> 
     </span>
     <span class='ocr_line' id='line_1_33' title="bbox 416 3923 1299 4029; baseline -0.01 -21"><span class='ocrx_word' id='word_1_379' title='bbox 416 3971 420 3978; x_wconf 91' lang='lat'>·</span> <span class='ocrx_word' id='word_1_380' title='bbox 477 3946 483 3959; x_wconf 79' lang='lat'>⁴</span> <span class='ocrx_word' id='word_1_381' title='bbox 536 3927 811 4029; x_wconf 72' lang='lat' dir='ltr'>sarchum.=[vid.</span> <span class='ocrx_word' id='word_1_382' title='bbox 827 3923 941 4027; x_wconf 86' lang='lat' dir='ltr'>supra,</span> <span class='ocrx_word' id='word_1_383' title='bbox 964 3950 1037 4008; x_wconf 72' lang='lat' dir='ltr'>rot.</span> <span class='ocrx_word' id='word_1_384' title='bbox 1054 3927 1152 3998; x_wconf 76' lang='lat' dir='ltr'>Philo</span> <span class='ocrx_word' id='word_1_385' title='bbox 1168 3927 1299 4020; x_wconf 67' lang='lat' dir='ltr'>Media]</span> 
     </span>
    </p>
   </div>
   <div class='ocr_carea' id='block_1_8' title="bbox 396 4041 2154 4268">
    <p class='ocr_par' dir='ltr' id='par_1_12' title="bbox 396 4041 2154 4268">
     <span class='ocr_line' id='line_1_34' title="bbox 396 4041 2154 4168; baseline -0.003 -21"><span class='ocrx_word' id='word_1_386' title='bbox 396 4051 410 4088; x_wconf 54' lang='lat'>⁷</span> <span class='ocrx_word' id='word_1_387' title='bbox 432 4072 554 4160; x_wconf 78' lang='lat' dir='ltr'>Philo,</span> <span class='ocrx_word' id='word_1_388' title='bbox 577 4061 966 4140; x_wconf 57' lang='lat' dir='ltr'>Thesunrer’tutmt</span> <span class='ocrx_word' id='word_1_389' title='bbox 984 4055 1173 4132; x_wconf 80' lang='lat' dir='ltr'>Alexandro</span> <span class='ocrx_word' id='word_1_390' title='bbox 1186 4085 1260 4160; x_wconf 85' lang='lat' dir='ltr'>pag.</span> <span class='ocrx_word' id='word_1_391' title='bbox 1277 4066 1351 4156; x_wconf 81' lang='lat'>691.</span> <span class='ocrx_word' id='word_1_392' title='bbox 1400 4056 1583 4166; x_wconf 85' lang='lat' dir='ltr'>Respicitur</span> <span class='ocrx_word' id='word_1_393' title='bbox 1604 4061 1695 4136; x_wconf 87' lang='lat' dir='ltr'>idem</span> <span class='ocrx_word' id='word_1_394' title='bbox 1716 4041 1849 4142; x_wconf 86' lang='lat' dir='ltr'>sortasse</span> <span class='ocrx_word' id='word_1_395' title='bbox 1861 4097 1882 4141; x_wconf 86' lang='lat' dir='ltr'>a</span> <span class='ocrx_word' id='word_1_396' title='bbox 1894 4065 2052 4162; x_wconf 63' lang='lat' dir='ltr'>Stephano</span> <span class='ocrx_word' id='word_1_397' title='bbox 2067 4067 2154 4168; x_wconf 51' lang='lat' dir='ltr'>Byr.</span> 
     </span>
     <span class='ocr_line' id='line_1_35' title="bbox 537 4158 1780 4268; baseline -0.004 -24"><span class='ocrx_word' id='word_1_398' title='bbox 537 4164 765 4251; x_wconf 69' lang='grc' dir='ltr'>ἰοἊντισσα.</span> <span class='ocrx_word' id='word_1_399' title='bbox 791 4165 919 4238; x_wconf 80' lang='lat' dir='ltr'>Febris.</span> <span class='ocrx_word' id='word_1_400' title='bbox 941 4201 996 4219; x_wconf 89' lang='lat'>-</span> <span class='ocrx_word' id='word_1_401' title='bbox 1015 4159 1082 4234; x_wconf 83' lang='lat' dir='ltr'>vid.</span> <span class='ocrx_word' id='word_1_402' title='bbox 1098 4158 1192 4262; x_wconf 87' lang='lat' dir='ltr'>supra</span> <span class='ocrx_word' id='word_1_403' title='bbox 1209 4169 1244 4236; x_wconf 92' lang='lat' dir='ltr'>in</span> <span class='ocrx_word' id='word_1_404' title='bbox 1259 4163 1393 4253; x_wconf 73' lang='lat' dir='ltr'>vollll.</span> <span class='ocrx_word' id='word_1_405' title='bbox 1408 4193 1482 4268; x_wconf 85' lang='lat' dir='ltr'>pag.</span> <span class='ocrx_word' id='word_1_406' title='bbox 1497 4191 1554 4264; x_wconf 85' lang='lat'>49.</span> <span class='ocrx_word' id='word_1_407' title='bbox 1571 4171 1604 4243; x_wconf 92' lang='lat' dir='ltr'>h.</span> <span class='ocrx_word' id='word_1_408' title='bbox 1619 4195 1653 4243; x_wconf 89' lang='lat' dir='ltr'>v.</span> <span class='ocrx_word' id='word_1_409' title='bbox 1678 4169 1780 4242; x_wconf 81' lang='lat' dir='ltr'>Harl.</span> 
     </span>
    </p>
   </div>
   <div class='ocr_carea' id='block_1_9' title="bbox 299 4272 2156 4520">
    <p class='ocr_par' dir='ltr' id='par_1_13' title="bbox 299 4272 2156 4520">
     <span class='ocr_line' id='line_1_36' title="bbox 299 4272 2156 4408; baseline -0.003 -26"><span class='ocrx_word' id='word_1_410' title='bbox 299 4379 304 4390; x_wconf 81' lang='grc'><em>,</em></span> <span class='ocrx_word' id='word_1_411' title='bbox 362 4385 366 4392; x_wconf 73' lang='grc'>,</span> <span class='ocrx_word' id='word_1_412' title='bbox 434 4305 567 4408; x_wconf 75' lang='lat' dir='ltr'>[Philo.</span> <span class='ocrx_word' id='word_1_413' title='bbox 592 4302 769 4378; x_wconf 78' lang='lat' dir='ltr'>Theodori</span> <span class='ocrx_word' id='word_1_414' title='bbox 782 4294 925 4374; x_wconf 80' lang='lat' dir='ltr'>studitae</span> <span class='ocrx_word' id='word_1_415' title='bbox 945 4295 1050 4390; x_wconf 62' lang='lat' dir='ltr'>filius,</span> <span class='ocrx_word' id='word_1_416' title='bbox 1077 4302 1175 4397; x_wconf 83' lang='lat' dir='ltr'>patris</span> <span class='ocrx_word' id='word_1_417' title='bbox 1189 4299 1230 4372; x_wconf 87' lang='lat' dir='ltr'>ll.</span> <span class='ocrx_word' id='word_1_418' title='bbox 1247 4272 1406 4400; x_wconf 83' lang='lat' dir='ltr'>epillolae</span> <span class='ocrx_word' id='word_1_419' title='bbox 1423 4299 1465 4372; x_wconf 86' lang='lat' dir='ltr'>ad</span> <span class='ocrx_word' id='word_1_420' title='bbox 1486 4281 1582 4376; x_wconf 89' lang='lat' dir='ltr'>illum</span> <span class='ocrx_word' id='word_1_421' title='bbox 1605 4299 1744 4378; x_wconf 84' lang='lat' dir='ltr'>ineditae</span> <span class='ocrx_word' id='word_1_422' title='bbox 1763 4307 1847 4376; x_wconf 85' lang='lat' dir='ltr'>inter</span> <span class='ocrx_word' id='word_1_423' title='bbox 1859 4301 2045 4398; x_wconf 77' lang='lat' dir='ltr'>Theodori</span> <span class='ocrx_word' id='word_1_424' title='bbox 2065 4302 2156 4408; x_wconf 83' lang='lat' dir='ltr'>episl.</span> 
     </span>
     <span class='ocr_line' id='line_1_37' title="bbox 422 4379 1987 4520; baseline -0.004 -35"><span class='ocrx_word' id='word_1_425' title='bbox 422 4420 438 4520; x_wconf 32' lang='lat' dir='ltr'>j</span> <span class='ocrx_word' id='word_1_426' title='bbox 457 4475 467 4491; x_wconf 75' lang='grc'><strong><em>,</em></strong></span> <span class='ocrx_word' id='word_1_427' title='bbox 536 4413 572 4484; x_wconf 86' lang='lat' dir='ltr'>in</span> <span class='ocrx_word' id='word_1_428' title='bbox 586 4406 660 4482; x_wconf 87' lang='lat' dir='ltr'>cod.</span> <span class='ocrx_word' id='word_1_429' title='bbox 677 4379 821 4497; x_wconf 68' lang='lat' dir='ltr'>coislirs</span> <span class='ocrx_word' id='word_1_430' title='bbox 828 4404 948 4476; x_wconf 83' lang='lat' dir='ltr'>xctv.</span> <span class='ocrx_word' id='word_1_431' title='bbox 962 4405 998 4474; x_wconf 89' lang='lat' dir='ltr'>in</span> <span class='ocrx_word' id='word_1_432' title='bbox 1010 4403 1107 4476; x_wconf 86' lang='lat' dir='ltr'>catal.</span> <span class='ocrx_word' id='word_1_433' title='bbox 1117 4396 1307 4476; x_wconf 85' lang='lat' dir='ltr'>Mootsauc.</span> <span class='ocrx_word' id='word_1_434' title='bbox 1328 4427 1405 4504; x_wconf 83' lang='lat' dir='ltr'>pag.</span> <span class='ocrx_word' id='word_1_435' title='bbox 1420 4425 1517 4498; x_wconf 79' lang='lat' dir='ltr'>145et</span> <span class='ocrx_word' id='word_1_436' title='bbox 1533 4429 1599 4498; x_wconf 78' lang='lat'>147.</span> <span class='ocrx_word' id='word_1_437' title='bbox 1615 4407 1676 4482; x_wconf 78' lang='lat' dir='ltr'>liu.</span> <span class='ocrx_word' id='word_1_438' title='bbox 1696 4411 1846 4488; x_wconf 80' lang='lat' dir='ltr'>citantur,</span> <span class='ocrx_word' id='word_1_439' title='bbox 1869 4407 1987 4506; x_wconf 72' lang='lat' dir='ltr'>Hori]</span> 
     </span>
    </p>
   </div>
   <div class='ocr_carea' id='block_1_10' title="bbox 371 4499 2158 4754">
    <p class='ocr_par' dir='ltr' id='par_1_14' title="bbox 371 4499 2158 4754">
     <span class='ocr_line' id='line_1_38' title="bbox 371 4499 2158 4656; baseline 0.026 -84"><span class='ocrx_word' id='word_1_440' title='bbox 371 4568 374 4573; x_wconf 84' lang='lat'>.</span> <span class='ocrx_word' id='word_1_441' title='bbox 434 4543 550 4629; x_wconf 70' lang='lat' dir='ltr'>Philo,</span> <span class='ocrx_word' id='word_1_442' title='bbox 573 4537 780 4638; x_wconf 84' lang='lat' dir='ltr'>Tyanenfis,</span> <span class='ocrx_word' id='word_1_443' title='bbox 802 4557 996 4636; x_wconf 76' lang='lat' dir='ltr'>geometra,</span> <span class='ocrx_word' id='word_1_444' title='bbox 1021 4539 1111 4608; x_wconf 84' lang='lat' dir='ltr'>cuius</span> <span class='ocrx_word' id='word_1_445' title='bbox 1127 4541 1262 4620; x_wconf 42' lang='lat' dir='ltr'>,mentio</span> <span class='ocrx_word' id='word_1_446' title='bbox 1285 4535 1373 4642; x_wconf 84' lang='lat' dir='ltr'>apud</span> <span class='ocrx_word' id='word_1_447' title='bbox 1390 4541 1542 4638; x_wconf 76' lang='lat' dir='ltr'>Pappum</span> <span class='ocrx_word' id='word_1_448' title='bbox 1562 4538 1822 4618; x_wconf 77' lang='lat' dir='ltr'>alex.liur.1v.</span> <span class='ocrx_word' id='word_1_449' title='bbox 1842 4537 1975 4656; x_wconf 77' lang='lat' dir='ltr'>propos</span> <span class='ocrx_word' id='word_1_450' title='bbox 1992 4566 2047 4632; x_wconf 79' lang='lat'>30.</span> <span class='ocrx_word' id='word_1_451' title='bbox 2074 4499 2158 4642; x_wconf 70' lang='lat' dir='ltr'>[virs</span> 
     </span>
     <span class='ocr_line' id='line_1_39' title="bbox 489 4639 1906 4754; baseline -0.01 -31"><span class='ocrx_word' id='word_1_452' title='bbox 489 4674 493 4687; x_wconf 87' lang='lat'><strong><em>‘</em></strong></span> <span class='ocrx_word' id='word_1_453' title='bbox 525 4643 634 4750; x_wconf 64' lang='lat' dir='ltr'>⁴supra</span> <span class='ocrx_word' id='word_1_454' title='bbox 649 4639 844 4754; x_wconf 80' lang='lat' dir='ltr'>inhocvol.</span> <span class='ocrx_word' id='word_1_455' title='bbox 862 4661 939 4738; x_wconf 77' lang='lat' dir='ltr'>pag.</span> <span class='ocrx_word' id='word_1_456' title='bbox 955 4639 1039 4733; x_wconf 59' lang='lat'>233]</span> <span class='ocrx_word' id='word_1_457' title='bbox 1090 4701 1095 4706; x_wconf 84' lang='lat'>.</span> <span class='ocrx_word' id='word_1_458' title='bbox 1903 4663 1906 4668; x_wconf 89' lang='lat'>·</span> 
     </span>
    </p>
   </div>
   <div class='ocr_carea' id='block_1_11' title="bbox 436 4761 2155 5046">
    <p class='ocr_par' dir='ltr' id='par_1_15' title="bbox 436 4761 2155 5046">
     <span class='ocr_line' id='line_1_40' title="bbox 436 4761 1730 4904; baseline -0.044 -32"><span class='ocrx_word' id='word_1_459' title='bbox 436 4761 763 4904; x_wconf 49' lang='lat' dir='ltr'>Literninum</span> <span class='ocrx_word' id='word_1_460' title='bbox 785 4777 860 4856; x_wconf 83' lang='lat' dir='ltr'>liu.</span> <span class='ocrx_word' id='word_1_461' title='bbox 873 4762 994 4856; x_wconf 79' lang='lat' dir='ltr'>XXVI.</span> <span class='ocrx_word' id='word_1_462' title='bbox 1007 4796 1062 4890; x_wconf 74' lang='lat'>33.</span> <span class='ocrx_word' id='word_1_463' title='bbox 1080 4766 1241 4874; x_wconf 58' lang='lat' dir='ltr'>confisa.</span> <span class='ocrx_word' id='word_1_464' title='bbox 1258 4777 1300 4852; x_wconf 83' lang='lat' dir='ltr'>v.</span> <span class='ocrx_word' id='word_1_465' title='bbox 1314 4777 1354 4852; x_wconf 81' lang='lat' dir='ltr'>c,</span> <span class='ocrx_word' id='word_1_466' title='bbox 1369 4784 1442 4878; x_wconf 59' lang='lat'>547,</span> <span class='ocrx_word' id='word_1_467' title='bbox 1538 4819 1543 4824; x_wconf 89' lang='lat'>.</span> <span class='ocrx_word' id='word_1_468' title='bbox 1725 4854 1730 4860; x_wconf 88' lang='lat'>.</span> 
     </span>
     <span class='ocr_line' id='line_1_41' title="bbox 520 4900 2155 5046; baseline -0.035 41"><span class='ocrx_word' id='word_1_469' title='bbox 520 4900 575 4930; x_wconf 7' lang='grc' dir='ltr'><em>Ἀ</em></span> <span class='ocrx_word' id='word_1_470' title='bbox 717 4912 723 4920; x_wconf 88' lang='lat'>.</span> <span class='ocrx_word' id='word_1_471' title='bbox 1841 4947 2155 5046; x_wconf 77' lang='lat' dir='ltr'>..onpvr</span> 
     </span>
    </p>
   </div>
   <div class='ocr_carea' id='block_1_12' title="bbox 0 0 2285 5716">
    <p class='ocr_par' dir='ltr' id='par_1_16' title="bbox 0 0 2285 5716">
     <span class='ocr_line' id='line_1_42' title="bbox 0 0 2285 5716; baseline 0 0"><span class='ocrx_word' id='word_1_472' title='bbox 0 0 2285 5716; x_wconf 95' lang='lat' dir='ltr'> </span> 
     </span>
    </p>
   </div>
  </div>
 </body>
</html>
