<?xml version="1.0" encoding="UTF-8"?>
<!DOCTYPE html PUBLIC "-//W3C//DTD XHTML 1.0 Transitional//EN"
    "http://www.w3.org/TR/xhtml1/DTD/xhtml1-transitional.dtd">
<html xmlns="http://www.w3.org/1999/xhtml" xml:lang="en" lang="en">
 <head>
  <title>
</title>
<meta http-equiv="Content-Type" content="text/html;charset=utf-8" />
  <meta name='ocr-system' content='tesseract 3.04.00' />
  <meta name='ocr-capabilities' content='ocr_page ocr_carea ocr_par ocr_line ocrx_word'/>
</head>
<body>
  <div class='ocr_page' id='page_1' title='image "./ioannisalbertif00unkngoog_0250.png"; bbox 0 0 4550 5717; ppageno 0'>
   <div class='ocr_carea' id='block_1_1' title="bbox 395 343 1456 455">
    <p class='ocr_par' dir='ltr' id='par_1_1' title="bbox 395 343 1456 455">
     <span class='ocr_line' id='line_1_1' title="bbox 395 343 1456 455; baseline -0.009 -11"><span class='ocrx_word' id='word_1_1' title='bbox 395 362 510 443; x_wconf 73' lang='lat' dir='ltr'>‘no</span> <span class='ocrx_word' id='word_1_2' title='bbox 595 366 768 455; x_wconf 71' lang='lat' dir='ltr'>‚enirn</span> <span class='ocrx_word' id='word_1_3' title='bbox 782 356 970 437; x_wconf 50' lang='grc' dir='ltr'>ιω).</span> <span class='ocrx_word' id='word_1_4' title='bbox 1095 343 1102 358; x_wconf 90' lang='grc'><em>’</em></span> <span class='ocrx_word' id='word_1_5' title='bbox 1177 364 1456 436; x_wconf 72' lang='lat' dir='ltr'>nrrrrnnevs</span> 
     </span>
    </p>
   </div>
   <div class='ocr_carea' id='block_1_2' title="bbox 287 503 2254 756">
    <p class='ocr_par' dir='ltr' id='par_1_2' title="bbox 287 503 2254 756">
     <span class='ocr_line' id='line_1_2' title="bbox 287 503 2254 653; baseline -0.002 -21"><span class='ocrx_word' id='word_1_6' title='bbox 287 586 293 609; x_wconf 77' lang='lat'><em>⁴</em></span> <span class='ocrx_word' id='word_1_7' title='bbox 438 536 804 631; x_wconf 73' lang='lat' dir='ltr'>&#39;Heraeis&#39;mechanica</span> <span class='ocrx_word' id='word_1_8' title='bbox 826 571 857 625; x_wconf 85' lang='lat' dir='ltr'>et</span> <span class='ocrx_word' id='word_1_9' title='bbox 879 543 1133 643; x_wconf 68' lang='grc' dir='ltr'>βελοπωητικοὶ</span> <span class='ocrx_word' id='word_1_10' title='bbox 1152 544 1209 646; x_wconf 63' lang='lat' dir='ltr'>oreti</span> <span class='ocrx_word' id='word_1_11' title='bbox 1230 540 1461 653; x_wconf 57' lang='lat' dir='ltr'>eddonerprcoi</span> <span class='ocrx_word' id='word_1_12' title='bbox 1478 566 1509 623; x_wconf 75' lang='lat' dir='ltr'>el</span> <span class='ocrx_word' id='word_1_13' title='bbox 1527 524 1678 650; x_wconf 78' lang='lat' dir='ltr'>idgenttt</span> <span class='ocrx_word' id='word_1_14' title='bbox 1696 551 1767 625; x_wconf 86' lang='lat' dir='ltr'>alia.</span> <span class='ocrx_word' id='word_1_15' title='bbox 1792 592 1844 609; x_wconf 91' lang='lat'>-</span> <span class='ocrx_word' id='word_1_16' title='bbox 1870 503 2167 631; x_wconf 46' lang='lat' dir='ltr'>coddCCXlleX.</span> <span class='ocrx_word' id='word_1_17' title='bbox 2252 527 2254 535; x_wconf 19' lang='lat' dir='ltr'>l</span> 
     </span>
     <span class='ocr_line' id='line_1_3' title="bbox 456 655 2009 756; baseline -0.01 -24"><span class='ocrx_word' id='word_1_18' title='bbox 456 657 567 750; x_wconf 87' lang='lat' dir='ltr'>(catal.</span> <span class='ocrx_word' id='word_1_19' title='bbox 584 684 656 756; x_wconf 85' lang='lat' dir='ltr'>pag.</span> <span class='ocrx_word' id='word_1_20' title='bbox 671 657 735 746; x_wconf 87' lang='lat'>83.)</span> <span class='ocrx_word' id='word_1_21' title='bbox 762 657 838 728; x_wconf 87' lang='lat' dir='ltr'>Ittlii</span> <span class='ocrx_word' id='word_1_22' title='bbox 850 657 1001 749; x_wconf 81' lang='lat' dir='ltr'>Africani</span> <span class='ocrx_word' id='word_1_23' title='bbox 1018 658 1058 725; x_wconf 87' lang='lat' dir='ltr'>de</span> <span class='ocrx_word' id='word_1_24' title='bbox 1070 655 1224 752; x_wconf 86' lang='lat' dir='ltr'>adparatu</span> <span class='ocrx_word' id='word_1_25' title='bbox 1242 656 1373 727; x_wconf 78' lang='lat' dir='ltr'>bellico.</span> <span class='ocrx_word' id='word_1_26' title='bbox 2005 702 2009 709; x_wconf 89' lang='lat'>.</span> 
     </span>
    </p>
   </div>
   <div class='ocr_carea' id='block_1_3' title="bbox 202 769 2253 5047">
    <p class='ocr_par' dir='ltr' id='par_1_3' title="bbox 555 769 2172 881">
     <span class='ocr_line' id='line_1_4' title="bbox 555 769 2172 881; baseline -0.004 -29"><span class='ocrx_word' id='word_1_27' title='bbox 555 784 593 852; x_wconf 93' lang='lat' dir='ltr'>ln</span> <span class='ocrx_word' id='word_1_28' title='bbox 608 778 755 853; x_wconf 79' lang='lat' dir='ltr'>biblioth.</span> <span class='ocrx_word' id='word_1_29' title='bbox 774 772 978 872; x_wconf 73' lang='lat' dir='ltr'>Augustani:</span> <span class='ocrx_word' id='word_1_30' title='bbox 1004 772 1084 847; x_wconf 86' lang='lat' dir='ltr'>Her.</span> <span class='ocrx_word' id='word_1_31' title='bbox 1101 769 1232 873; x_wconf 75' lang='lat' dir='ltr'>isagoge</span> <span class='ocrx_word' id='word_1_32' title='bbox 1244 779 1465 871; x_wconf 87' lang='lat' dir='ltr'>geometrica,</span> <span class='ocrx_word' id='word_1_33' title='bbox 1490 774 1621 870; x_wconf 82' lang='lat' dir='ltr'>(Reiser</span> <span class='ocrx_word' id='word_1_34' title='bbox 1632 792 1691 845; x_wconf 89' lang='lat' dir='ltr'>cat.</span> <span class='ocrx_word' id='word_1_35' title='bbox 1705 799 1777 873; x_wconf 81' lang='lat' dir='ltr'>pag.</span> <span class='ocrx_word' id='word_1_36' title='bbox 1794 778 1865 867; x_wconf 85' lang='lat'><strong>66.)</strong></span> <span class='ocrx_word' id='word_1_37' title='bbox 1878 771 2063 876; x_wconf 89' lang='lat' dir='ltr'>fragmenta</span> <span class='ocrx_word' id='word_1_38' title='bbox 2076 804 2172 881; x_wconf 85' lang='lat' dir='ltr'>quae.</span> 
     </span>
    </p>

    <p class='ocr_par' dir='ltr' id='par_1_4' title="bbox 455 872 2253 987">
     <span class='ocr_line' id='line_1_5' title="bbox 455 872 2253 987; baseline -0.004 -30"><span class='ocrx_word' id='word_1_39' title='bbox 455 880 551 969; x_wconf 93' lang='lat' dir='ltr'>dam,</span> <span class='ocrx_word' id='word_1_40' title='bbox 577 907 661 983; x_wconf 89' lang='lat' dir='ltr'>quae</span> <span class='ocrx_word' id='word_1_41' title='bbox 675 881 747 951; x_wconf 86' lang='lat' dir='ltr'>alibi</span> <span class='ocrx_word' id='word_1_42' title='bbox 763 884 795 951; x_wconf 91' lang='lat' dir='ltr'>in</span> <span class='ocrx_word' id='word_1_43' title='bbox 810 876 933 976; x_wconf 84' lang='lat' dir='ltr'>scriptia</span> <span class='ocrx_word' id='word_1_44' title='bbox 948 881 1016 951; x_wconf 86' lang='lat' dir='ltr'>eiua</span> <span class='ocrx_word' id='word_1_45' title='bbox 1032 900 1099 947; x_wconf 90' lang='lat' dir='ltr'>non</span> <span class='ocrx_word' id='word_1_46' title='bbox 1115 876 1254 970; x_wconf 82' lang='lat' dir='ltr'>carliant3</span> <span class='ocrx_word' id='word_1_47' title='bbox 1281 874 1426 950; x_wconf 85' lang='lat' dir='ltr'>eiusdem</span> <span class='ocrx_word' id='word_1_48' title='bbox 1441 874 1483 949; x_wconf 92' lang='lat' dir='ltr'>de</span> <span class='ocrx_word' id='word_1_49' title='bbox 1499 872 1690 975; x_wconf 84' lang='lat' dir='ltr'>spiritalibus</span> <span class='ocrx_word' id='word_1_50' title='bbox 1702 878 1797 968; x_wconf 89' lang='lat' dir='ltr'>liber,</span> <span class='ocrx_word' id='word_1_51' title='bbox 1821 878 1939 971; x_wconf 69' lang='lat' dir='ltr'>latine,</span> <span class='ocrx_word' id='word_1_52' title='bbox 1962 876 2081 987; x_wconf 82' lang='lat' dir='ltr'>fragm.</span> <span class='ocrx_word' id='word_1_53' title='bbox 2094 906 2172 983; x_wconf 83' lang='lat' dir='ltr'>geo·</span> <span class='ocrx_word' id='word_1_54' title='bbox 2252 955 2253 962; x_wconf 7' lang='grc' dir='ltr'>χ</span> 
     </span>
    </p>

    <p class='ocr_par' dir='ltr' id='par_1_5' title="bbox 453 984 2126 1084">
     <span class='ocr_line' id='line_1_6' title="bbox 453 984 2126 1084; baseline -0.021 -21"><span class='ocrx_word' id='word_1_55' title='bbox 453 991 646 1077; x_wconf 91' lang='lat' dir='ltr'>metricum,</span> <span class='ocrx_word' id='word_1_56' title='bbox 669 986 725 1075; x_wconf 87' lang='lat' dir='ltr'>(ib.</span> <span class='ocrx_word' id='word_1_57' title='bbox 740 1008 814 1084; x_wconf 91' lang='lat' dir='ltr'>pag.</span> <span class='ocrx_word' id='word_1_58' title='bbox 829 984 894 1075; x_wconf 85' lang='lat'>81.)</span> <span class='ocrx_word' id='word_1_59' title='bbox 1433 1072 1439 1079; x_wconf 89' lang='lat'>.</span> <span class='ocrx_word' id='word_1_60' title='bbox 1985 994 1991 1000; x_wconf 94' lang='lat'><strong>·</strong></span> <span class='ocrx_word' id='word_1_61' title='bbox 2121 1010 2126 1016; x_wconf 84' lang='lat'><em>-</em></span> 
     </span>
    </p>

    <p class='ocr_par' dir='ltr' id='par_1_6' title="bbox 202 1096 2201 5047">
     <span class='ocr_line' id='line_1_7' title="bbox 553 1096 2174 1202; baseline -0.01 -19"><span class='ocrx_word' id='word_1_62' title='bbox 553 1111 607 1183; x_wconf 85' lang='lat' dir='ltr'>De</span> <span class='ocrx_word' id='word_1_63' title='bbox 620 1102 733 1179; x_wconf 91' lang='lat' dir='ltr'>codice</span> <span class='ocrx_word' id='word_1_64' title='bbox 748 1096 974 1201; x_wconf 84' lang='lat' dir='ltr'>Argentinenh</span> <span class='ocrx_word' id='word_1_65' title='bbox 990 1097 1030 1173; x_wconf 89' lang='lat' dir='ltr'>cl.</span> <span class='ocrx_word' id='word_1_66' title='bbox 1049 1096 1401 1196; x_wconf 47' lang='lat' dir='ltr'>repetentgteeeser,</span> <span class='ocrx_word' id='word_1_67' title='bbox 1427 1100 1462 1173; x_wconf 86' lang='lat' dir='ltr'>P.</span> <span class='ocrx_word' id='word_1_68' title='bbox 1478 1100 1513 1172; x_wconf 84' lang='lat' dir='ltr'>P.</span> <span class='ocrx_word' id='word_1_69' title='bbox 1528 1101 1569 1171; x_wconf 93' lang='grc' dir='ltr'>Ο.</span> <span class='ocrx_word' id='word_1_70' title='bbox 1592 1102 1626 1170; x_wconf 83' lang='grc' dir='ltr'>ἱη</span> <span class='ocrx_word' id='word_1_71' title='bbox 1640 1096 1842 1173; x_wconf 80' lang='lat' dir='ltr'>vninersnare</span> <span class='ocrx_word' id='word_1_72' title='bbox 1859 1098 2035 1178; x_wconf 88' lang='lat' dir='ltr'>litterarum</span> <span class='ocrx_word' id='word_1_73' title='bbox 2050 1106 2174 1202; x_wconf 83' lang='lat' dir='ltr'>Argen.</span> 
     </span>
     <span class='ocr_line' id='line_1_8' title="bbox 456 1196 2173 1303; baseline -0.005 -17"><span class='ocrx_word' id='word_1_74' title='bbox 456 1206 630 1297; x_wconf 86' lang='lat' dir='ltr'>toratenti,</span> <span class='ocrx_word' id='word_1_75' title='bbox 655 1220 835 1299; x_wconf 78' lang='lat' dir='ltr'>ann.1789.</span> <span class='ocrx_word' id='word_1_76' title='bbox 852 1210 885 1276; x_wconf 93' lang='lat' dir='ltr'>in</span> <span class='ocrx_word' id='word_1_77' title='bbox 907 1202 1060 1303; x_wconf 79' lang='lat' dir='ltr'>peculiari</span> <span class='ocrx_word' id='word_1_78' title='bbox 1086 1196 1260 1299; x_wconf 85' lang='lat' dir='ltr'>dlsputanir</span> <span class='ocrx_word' id='word_1_79' title='bbox 1283 1198 1476 1301; x_wconf 74' lang='lat' dir='ltr'>prolusione</span> <span class='ocrx_word' id='word_1_80' title='bbox 1497 1200 1694 1277; x_wconf 79' lang='lat' dir='ltr'>academica.</span> <span class='ocrx_word' id='word_1_81' title='bbox 1754 1204 1878 1286; x_wconf 87' lang='lat' dir='ltr'>Noritia</span> <span class='ocrx_word' id='word_1_82' title='bbox 1908 1224 2019 1279; x_wconf 89' lang='lat' dir='ltr'>autem</span> <span class='ocrx_word' id='word_1_83' title='bbox 2041 1204 2173 1295; x_wconf 85' lang='lat' dir='ltr'>codicia,</span> 
     </span>
     <span class='ocr_line' id='line_1_9' title="bbox 459 1304 2172 1407; baseline -0.01 -16"><span class='ocrx_word' id='word_1_84' title='bbox 459 1318 572 1391; x_wconf 85' lang='lat' dir='ltr'>auito</span> <span class='ocrx_word' id='word_1_85' title='bbox 591 1310 652 1387; x_wconf 83' lang='lat' dir='ltr'>illo</span> <span class='ocrx_word' id='word_1_86' title='bbox 675 1307 803 1385; x_wconf 90' lang='lat' dir='ltr'>erudito</span> <span class='ocrx_word' id='word_1_87' title='bbox 826 1304 960 1407; x_wconf 90' lang='lat' dir='ltr'>scripta,</span> <span class='ocrx_word' id='word_1_88' title='bbox 986 1310 1059 1404; x_wconf 83' lang='lat' dir='ltr'>quia</span> <span class='ocrx_word' id='word_1_89' title='bbox 1090 1305 1196 1375; x_wconf 81' lang='lat' dir='ltr'>breuis</span> <span class='ocrx_word' id='word_1_90' title='bbox 1224 1324 1256 1376; x_wconf 90' lang='lat' dir='ltr'>et</span> <span class='ocrx_word' id='word_1_91' title='bbox 1284 1304 1379 1378; x_wconf 70' lang='lat' dir='ltr'>dotia</span> <span class='ocrx_word' id='word_1_92' title='bbox 1406 1304 1471 1385; x_wconf 83' lang='lat' dir='ltr'>etl,</span> <span class='ocrx_word' id='word_1_93' title='bbox 1509 1306 1549 1377; x_wconf 92' lang='lat' dir='ltr'>ab</span> <span class='ocrx_word' id='word_1_94' title='bbox 1581 1310 1645 1377; x_wconf 90' lang='lat' dir='ltr'>hoc</span> <span class='ocrx_word' id='word_1_95' title='bbox 1674 1305 1757 1383; x_wconf 83' lang='lat' dir='ltr'>loco·</span> <span class='ocrx_word' id='word_1_96' title='bbox 1784 1306 1871 1379; x_wconf 90' lang='lat' dir='ltr'>haud</span> <span class='ocrx_word' id='word_1_97' title='bbox 1902 1306 2007 1385; x_wconf 88' lang='lat' dir='ltr'>aliena</span> <span class='ocrx_word' id='word_1_98' title='bbox 2035 1308 2172 1384; x_wconf 77' lang='lat' dir='ltr'>viderur,</span> 
     </span>
     <span class='ocr_line' id='line_1_10' title="bbox 394 1398 2175 1519; baseline -0.006 -26"><span class='ocrx_word' id='word_1_99' title='bbox 394 1448 399 1459; x_wconf 89' lang='lat'><strong>·</strong></span> <span class='ocrx_word' id='word_1_100' title='bbox 460 1421 609 1519; x_wconf 71' lang='lat' dir='ltr'>,rstaaens</span> <span class='ocrx_word' id='word_1_101' title='bbox 627 1415 852 1513; x_wconf 83' lang='lat' dir='ltr'>Cosoaboneer,</span> <span class='ocrx_word' id='word_1_102' title='bbox 884 1404 1251 1508; x_wconf 80' lang='lat' dir='ltr'>aitSclrrotighaeuser,</span> <span class='ocrx_word' id='word_1_103' title='bbox 1276 1412 1308 1481; x_wconf 89' lang='lat' dir='ltr'>in</span> <span class='ocrx_word' id='word_1_104' title='bbox 1332 1405 1523 1509; x_wconf 78' lang='lat' dir='ltr'>fragmentis</span> <span class='ocrx_word' id='word_1_105' title='bbox 1548 1398 1943 1505; x_wconf 51' lang='lat' dir='ltr'>Polybianis&#39;laudaueret</span> <span class='ocrx_word' id='word_1_106' title='bbox 1962 1401 2081 1487; x_wconf 80' lang='lat' dir='ltr'>librum</span> <span class='ocrx_word' id='word_1_107' title='bbox 2108 1411 2175 1484; x_wconf 86' lang='lat' dir='ltr'>ma·</span> 
     </span>
     <span class='ocr_line' id='line_1_11' title="bbox 459 1507 2174 1621; baseline -0.012 -22"><span class='ocrx_word' id='word_1_108' title='bbox 459 1517 659 1621; x_wconf 82' lang='lat' dir='ltr'>etuleriptunt</span> <span class='ocrx_word' id='word_1_109' title='bbox 681 1520 855 1608; x_wconf 80' lang='lat' dir='ltr'>Anonymi</span> <span class='ocrx_word' id='word_1_110' title='bbox 876 1515 1025 1600; x_wconf 66' lang='lat' dir='ltr'>Tudici,</span> <span class='ocrx_word' id='word_1_111' title='bbox 1058 1516 1114 1612; x_wconf 89' lang='lat' dir='ltr'>qui</span> <span class='ocrx_word' id='word_1_112' title='bbox 1138 1516 1171 1583; x_wconf 90' lang='lat' dir='ltr'>in</span> <span class='ocrx_word' id='word_1_113' title='bbox 1190 1516 1277 1609; x_wconf 88' lang='lat' dir='ltr'>regia</span> <span class='ocrx_word' id='word_1_114' title='bbox 1303 1512 1403 1585; x_wconf 86' lang='lat' dir='ltr'>exslat</span> <span class='ocrx_word' id='word_1_115' title='bbox 1425 1512 1635 1592; x_wconf 77' lang='lat' dir='ltr'>bibliotheca,</span> <span class='ocrx_word' id='word_1_116' title='bbox 1669 1517 1736 1585; x_wconf 92' lang='lat' dir='ltr'>hoc</span> <span class='ocrx_word' id='word_1_117' title='bbox 1759 1514 1855 1588; x_wconf 90' lang='lat' dir='ltr'>titulo</span> <span class='ocrx_word' id='word_1_118' title='bbox 1908 1507 2001 1595; x_wconf 58' lang='lat'>3755,</span> <span class='ocrx_word' id='word_1_119' title='bbox 2026 1508 2098 1619; x_wconf 57' lang='lat' dir='ltr'>xp}</span> <span class='ocrx_word' id='word_1_120' title='bbox 2118 1512 2174 1594; x_wconf 55' lang='grc' dir='ltr'>τὶν</span> 
     </span>
     <span class='ocr_line' id='line_1_12' title="bbox 254 1606 2178 1726; baseline -0.014 -4"><span class='ocrx_word' id='word_1_121' title='bbox 254 1700 257 1709; x_wconf 32' lang='lat'><em>⁴</em></span> <span class='ocrx_word' id='word_1_122' title='bbox 461 1630 523 1717; x_wconf 72' lang='lat' dir='ltr'>ric</span> <span class='ocrx_word' id='word_1_123' title='bbox 544 1622 806 1726; x_wconf 61' lang='lat' dir='ltr'>vehementior</span> <span class='ocrx_word' id='word_1_124' title='bbox 829 1616 965 1697; x_wconf 68' lang='lat' dir='ltr'>odoror</span> <span class='ocrx_word' id='word_1_125' title='bbox 983 1607 1180 1717; x_wconf 69' lang='lat' dir='ltr'>creaverit</span> <span class='ocrx_word' id='word_1_126' title='bbox 1196 1606 1281 1720; x_wconf 64' lang='lat' dir='ltr'>ntis</span> <span class='ocrx_word' id='word_1_127' title='bbox 1294 1612 1353 1705; x_wconf 80' lang='lat' dir='ltr'>riv</span> <span class='ocrx_word' id='word_1_128' title='bbox 1368 1621 1566 1718; x_wconf 70' lang='grc' dir='ltr'>πολιορκίαν</span> <span class='ocrx_word' id='word_1_129' title='bbox 1588 1612 1884 1718; x_wconf 59' lang='lat' dir='ltr'>dienerinnen,</span> <span class='ocrx_word' id='word_1_130' title='bbox 1900 1614 1963 1717; x_wconf 63' lang='lat' dir='ltr'>rei</span> <span class='ocrx_word' id='word_1_131' title='bbox 1976 1622 2049 1710; x_wconf 69' lang='lat' dir='ltr'>oties</span> <span class='ocrx_word' id='word_1_132' title='bbox 2063 1626 2178 1710; x_wconf 71' lang='lat' dir='ltr'>tener·</span> 
     </span>
     <span class='ocr_line' id='line_1_13' title="bbox 403 1714 2177 1829; baseline -0.012 -17"><span class='ocrx_word' id='word_1_133' title='bbox 403 1732 405 1735; x_wconf 56' lang='grc'><strong>’</strong></span> <span class='ocrx_word' id='word_1_134' title='bbox 461 1714 603 1829; x_wconf 67' lang='lat' dir='ltr'>deripere</span> <span class='ocrx_word' id='word_1_135' title='bbox 624 1720 753 1815; x_wconf 68' lang='lat' dir='ltr'>andren</span> <span class='ocrx_word' id='word_1_136' title='bbox 774 1717 1025 1827; x_wconf 52' lang='lat' dir='ltr'>innuerim„</span> <span class='ocrx_word' id='word_1_137' title='bbox 1044 1717 1076 1790; x_wconf 93' lang='lat' dir='ltr'>id</span> <span class='ocrx_word' id='word_1_138' title='bbox 1091 1718 1156 1804; x_wconf 82' lang='lat' dir='ltr'>esi,</span> <span class='ocrx_word' id='word_1_139' title='bbox 1182 1742 1244 1813; x_wconf 85' lang='lat' dir='ltr'>qna</span> <span class='ocrx_word' id='word_1_140' title='bbox 1268 1722 1388 1793; x_wconf 81' lang='lat' dir='ltr'>ratione</span> <span class='ocrx_word' id='word_1_141' title='bbox 1409 1725 1499 1792; x_wconf 80' lang='lat' dir='ltr'>vrbis</span> <span class='ocrx_word' id='word_1_142' title='bbox 1519 1720 1649 1817; x_wconf 80' lang='lat' dir='ltr'>ohsefflee</span> <span class='ocrx_word' id='word_1_143' title='bbox 1662 1722 1848 1815; x_wconf 56' lang='lat' dir='ltr'>praesedere</span> <span class='ocrx_word' id='word_1_144' title='bbox 1861 1722 2001 1823; x_wconf 71' lang='lat' dir='ltr'>obststm</span> <span class='ocrx_word' id='word_1_145' title='bbox 2022 1724 2177 1818; x_wconf 76' lang='lat' dir='ltr'>obseffioeee&#39;</span> 
     </span>
     <span class='ocr_line' id='line_1_14' title="bbox 461 1818 2176 1931; baseline -0.008 -22"><span class='ocrx_word' id='word_1_146' title='bbox 461 1850 493 1909; x_wconf 87' lang='lat' dir='ltr'>et</span> <span class='ocrx_word' id='word_1_147' title='bbox 511 1838 625 1931; x_wconf 76' lang='lat' dir='ltr'>peribus</span> <span class='ocrx_word' id='word_1_148' title='bbox 644 1826 799 1924; x_wconf 81' lang='lat' dir='ltr'>institutis</span> <span class='ocrx_word' id='word_1_149' title='bbox 821 1826 969 1919; x_wconf 82' lang='lat' dir='ltr'>repellere</span> <span class='ocrx_word' id='word_1_150' title='bbox 988 1849 1054 1897; x_wconf 87' lang='lat' dir='ltr'>enm</span> <span class='ocrx_word' id='word_1_151' title='bbox 1071 1825 1199 1895; x_wconf 81' lang='lat' dir='ltr'>debent:</span> <span class='ocrx_word' id='word_1_152' title='bbox 1223 1848 1263 1893; x_wconf 89' lang='lat' dir='ltr'>ex</span> <span class='ocrx_word' id='word_1_153' title='bbox 1278 1848 1386 1922; x_wconf 82' lang='lat' dir='ltr'>eoque</span> <span class='ocrx_word' id='word_1_154' title='bbox 1401 1821 1517 1897; x_wconf 87' lang='lat' dir='ltr'>codice</span> <span class='ocrx_word' id='word_1_155' title='bbox 1533 1818 1717 1923; x_wconf 85' lang='lat' dir='ltr'>fragmenta</span> <span class='ocrx_word' id='word_1_156' title='bbox 1732 1824 1914 1915; x_wconf 88' lang='lat' dir='ltr'>nonnulla,</span> <span class='ocrx_word' id='word_1_157' title='bbox 1939 1831 2079 1899; x_wconf 90' lang='lat' dir='ltr'>minime</span> <span class='ocrx_word' id='word_1_158' title='bbox 2092 1820 2176 1925; x_wconf 87' lang='lat' dir='ltr'>sper·</span> 
     </span>
     <span class='ocr_line' id='line_1_15' title="bbox 461 1918 2176 2032; baseline -0.009 -18"><span class='ocrx_word' id='word_1_159' title='bbox 461 1937 590 2025; x_wconf 86' lang='lat' dir='ltr'>nenda,</span> <span class='ocrx_word' id='word_1_160' title='bbox 616 1958 700 2032; x_wconf 85' lang='lat' dir='ltr'>quae</span> <span class='ocrx_word' id='word_1_161' title='bbox 723 1958 763 2005; x_wconf 88' lang='lat' dir='ltr'>ex</span> <span class='ocrx_word' id='word_1_162' title='bbox 786 1927 957 2029; x_wconf 82' lang='lat' dir='ltr'>deperditis</span> <span class='ocrx_word' id='word_1_163' title='bbox 981 1926 1111 2017; x_wconf 80' lang='lat' dir='ltr'>Pol&#39;ybii</span> <span class='ocrx_word' id='word_1_164' title='bbox 1130 1924 1219 2001; x_wconf 89' lang='lat' dir='ltr'>libria</span> <span class='ocrx_word' id='word_1_165' title='bbox 1239 1946 1390 2023; x_wconf 83' lang='lat' dir='ltr'>excerpta</span> <span class='ocrx_word' id='word_1_166' title='bbox 1415 1922 1506 2010; x_wconf 88' lang='lat' dir='ltr'>sunt,</span> <span class='ocrx_word' id='word_1_167' title='bbox 1531 1918 1764 2027; x_wconf 79' lang='lat' dir='ltr'>depromserat.</span> <span class='ocrx_word' id='word_1_168' title='bbox 1831 1932 1882 2003; x_wconf 88' lang='lat' dir='ltr'>Ex</span> <span class='ocrx_word' id='word_1_169' title='bbox 1901 1926 1965 2002; x_wconf 88' lang='lat' dir='ltr'>illia</span> <span class='ocrx_word' id='word_1_170' title='bbox 1985 1922 2176 2029; x_wconf 72' lang='lat' dir='ltr'>fragmentis</span> 
     </span>
     <span class='ocr_line' id='line_1_16' title="bbox 463 2026 2182 2153; baseline -0.005 -38"><span class='ocrx_word' id='word_1_171' title='bbox 463 2066 566 2153; x_wconf 71' lang='lat' dir='ltr'>prtum</span> <span class='ocrx_word' id='word_1_172' title='bbox 590 2036 645 2121; x_wconf 82' lang='lat' dir='ltr'>eil,</span> <span class='ocrx_word' id='word_1_173' title='bbox 667 2032 707 2109; x_wconf 91' lang='lat' dir='ltr'>ad</span> <span class='ocrx_word' id='word_1_174' title='bbox 722 2034 889 2107; x_wconf 86' lang='lat' dir='ltr'>hilloriam</span> <span class='ocrx_word' id='word_1_175' title='bbox 903 2036 1160 2133; x_wconf 88' lang='lat' dir='ltr'>oppugnationie</span> <span class='ocrx_word' id='word_1_176' title='bbox 1172 2026 1405 2121; x_wconf 80' lang='lat' dir='ltr'>Syracusarum</span> <span class='ocrx_word' id='word_1_177' title='bbox 1429 2031 1610 2128; x_wconf 82' lang='lat' dir='ltr'>pertinens,</span> <span class='ocrx_word' id='word_1_178' title='bbox 1636 2036 1724 2101; x_wconf 85' lang='lat' dir='ltr'>cuine</span> <span class='ocrx_word' id='word_1_179' title='bbox 1745 2060 1810 2131; x_wconf 89' lang='lat' dir='ltr'>ope</span> <span class='ocrx_word' id='word_1_180' title='bbox 1820 2053 2012 2107; x_wconf 82' lang='lat' dir='ltr'>contextum</span> <span class='ocrx_word' id='word_1_181' title='bbox 2029 2032 2182 2124; x_wconf 81' lang='lat' dir='ltr'>Polybia-</span> 
     </span>
     <span class='ocr_line' id='line_1_17' title="bbox 319 2131 2180 2241; baseline -0.009 -18"><span class='ocrx_word' id='word_1_182' title='bbox 319 2218 322 2223; x_wconf 87' lang='lat'><em>.</em></span> <span class='ocrx_word' id='word_1_183' title='bbox 461 2170 561 2232; x_wconf 84' lang='lat' dir='ltr'>num,</span> <span class='ocrx_word' id='word_1_184' title='bbox 582 2146 638 2241; x_wconf 90' lang='lat' dir='ltr'>qui</span> <span class='ocrx_word' id='word_1_185' title='bbox 653 2167 671 2214; x_wconf 87' lang='lat' dir='ltr'>a</span> <span class='ocrx_word' id='word_1_186' title='bbox 688 2138 902 2237; x_wconf 70' lang='lat' dir='ltr'>compilatore</span> <span class='ocrx_word' id='word_1_187' title='bbox 915 2158 1146 2233; x_wconf 82' lang='lat' dir='ltr'>excerptorum</span> <span class='ocrx_word' id='word_1_188' title='bbox 1159 2159 1200 2204; x_wconf 83' lang='lat' dir='ltr'>ex</span> <span class='ocrx_word' id='word_1_189' title='bbox 1213 2131 1344 2225; x_wconf 85' lang='lat' dir='ltr'>Polybii</span> <span class='ocrx_word' id='word_1_190' title='bbox 1357 2132 1446 2206; x_wconf 80' lang='lat' dir='ltr'>libris</span> <span class='ocrx_word' id='word_1_191' title='bbox 1461 2136 1564 2208; x_wconf 80' lang='lat' dir='ltr'>Xutt.</span> <span class='ocrx_word' id='word_1_192' title='bbox 1579 2136 1740 2232; x_wconf 87' lang='lat' dir='ltr'>prioribus</span> <span class='ocrx_word' id='word_1_193' title='bbox 1757 2131 1962 2210; x_wconf 80' lang='lat' dir='ltr'>conseruntur</span> <span class='ocrx_word' id='word_1_194' title='bbox 1977 2132 2034 2225; x_wconf 85' lang='lat' dir='ltr'>ell,</span> <span class='ocrx_word' id='word_1_195' title='bbox 2056 2162 2180 2235; x_wconf 76' lang='lat' dir='ltr'>oppon</span> 
     </span>
     <span class='ocr_line' id='line_1_18' title="bbox 465 2234 2182 2337; baseline -0.006 -14"><span class='ocrx_word' id='word_1_196' title='bbox 465 2270 545 2324; x_wconf 85' lang='lat' dir='ltr'>tune</span> <span class='ocrx_word' id='word_1_197' title='bbox 558 2246 717 2321; x_wconf 82' lang='lat' dir='ltr'>auxitlor.</span> <span class='ocrx_word' id='word_1_198' title='bbox 728 2244 914 2337; x_wconf 75' lang='lat' dir='ltr'>Gronotrirer</span> <span class='ocrx_word' id='word_1_199' title='bbox 926 2245 959 2311; x_wconf 92' lang='lat' dir='ltr'>in</span> <span class='ocrx_word' id='word_1_200' title='bbox 973 2234 1163 2329; x_wconf 80' lang='lat' dir='ltr'>sual‘olybii</span> <span class='ocrx_word' id='word_1_201' title='bbox 1178 2234 1322 2309; x_wconf 84' lang='lat' dir='ltr'>editione</span> <span class='ocrx_word' id='word_1_202' title='bbox 1337 2236 1574 2336; x_wconf 65' lang='lat' dir='ltr'>trb.vt1t.›cap.</span> <span class='ocrx_word' id='word_1_203' title='bbox 1587 2260 1613 2330; x_wconf 87' lang='lat'>5.</span> <span class='ocrx_word' id='word_1_204' title='bbox 1632 2236 1730 2310; x_wconf 90' lang='lat' dir='ltr'>Aliud</span> <span class='ocrx_word' id='word_1_205' title='bbox 1746 2234 1818 2311; x_wconf 85' lang='lat' dir='ltr'>satis</span> <span class='ocrx_word' id='word_1_206' title='bbox 1831 2240 1977 2336; x_wconf 87' lang='lat' dir='ltr'>amplum</span> <span class='ocrx_word' id='word_1_207' title='bbox 1990 2263 2027 2312; x_wconf 81' lang='lat' dir='ltr'>ac</span> <span class='ocrx_word' id='word_1_208' title='bbox 2041 2239 2182 2314; x_wconf 89' lang='lat' dir='ltr'>notabile</span> 
     </span>
     <span class='ocr_line' id='line_1_19' title="bbox 465 2336 2181 2446; baseline -0.008 -20"><span class='ocrx_word' id='word_1_209' title='bbox 465 2350 596 2446; x_wconf 81' lang='lat' dir='ltr'>Polybii</span> <span class='ocrx_word' id='word_1_210' title='bbox 618 2342 864 2446; x_wconf 83' lang='lat' dir='ltr'>fragmentum,</span> <span class='ocrx_word' id='word_1_211' title='bbox 897 2338 988 2443; x_wconf 89' lang='lat' dir='ltr'>quod</span> <span class='ocrx_word' id='word_1_212' title='bbox 1011 2339 1051 2413; x_wconf 90' lang='lat' dir='ltr'>ad</span> <span class='ocrx_word' id='word_1_213' title='bbox 1071 2341 1263 2415; x_wconf 75' lang='lat' dir='ltr'>Ambraciae</span> <span class='ocrx_word' id='word_1_214' title='bbox 1283 2336 1487 2414; x_wconf 76' lang='lat' dir='ltr'>obsidionem</span> <span class='ocrx_word' id='word_1_215' title='bbox 1512 2337 1651 2441; x_wconf 68' lang='lat' dir='ltr'>spedlat,</span> <span class='ocrx_word' id='word_1_216' title='bbox 1681 2366 1782 2441; x_wconf 88' lang='lat' dir='ltr'>quam</span> <span class='ocrx_word' id='word_1_217' title='bbox 1802 2346 1916 2413; x_wconf 80' lang='lat' dir='ltr'>Liuius</span> <span class='ocrx_word' id='word_1_218' title='bbox 1931 2345 1984 2415; x_wconf 88' lang='lat' dir='ltr'>lib.</span> <span class='ocrx_word' id='word_1_219' title='bbox 2000 2345 2181 2419; x_wconf 80' lang='lat' dir='ltr'>XXXVlll.</span> 
     </span>
     <span class='ocr_line' id='line_1_20' title="bbox 468 2440 2185 2557; baseline -0.006 -29"><span class='ocrx_word' id='word_1_220' title='bbox 468 2482 543 2557; x_wconf 87' lang='lat' dir='ltr'>cap.</span> <span class='ocrx_word' id='word_1_221' title='bbox 561 2479 593 2545; x_wconf 80' lang='lat'>7.</span> <span class='ocrx_word' id='word_1_222' title='bbox 612 2452 767 2549; x_wconf 80' lang='lat' dir='ltr'>exponit,</span> <span class='ocrx_word' id='word_1_223' title='bbox 799 2474 840 2519; x_wconf 89' lang='lat' dir='ltr'>ex</span> <span class='ocrx_word' id='word_1_224' title='bbox 863 2444 983 2521; x_wconf 88' lang='lat' dir='ltr'>eodem</span> <span class='ocrx_word' id='word_1_225' title='bbox 1007 2447 1100 2541; x_wconf 84' lang='lat' dir='ltr'>regio</span> <span class='ocrx_word' id='word_1_226' title='bbox 1121 2441 1238 2517; x_wconf 89' lang='lat' dir='ltr'>codice</span> <span class='ocrx_word' id='word_1_227' title='bbox 1258 2444 1298 2515; x_wconf 92' lang='lat' dir='ltr'>ab</span> <span class='ocrx_word' id='word_1_228' title='bbox 1318 2446 1423 2517; x_wconf 80' lang='lat' dir='ltr'>Heni.</span> <span class='ocrx_word' id='word_1_229' title='bbox 1440 2440 1572 2517; x_wconf 84' lang='lat' dir='ltr'>Valefio</span> <span class='ocrx_word' id='word_1_230' title='bbox 1592 2440 1702 2518; x_wconf 87' lang='lat' dir='ltr'>secunr</span> <span class='ocrx_word' id='word_1_231' title='bbox 1724 2450 2030 2533; x_wconf 85' lang='lat' dir='ltr'>communicatum,</span> <span class='ocrx_word' id='word_1_232' title='bbox 2055 2448 2185 2547; x_wconf 69' lang='lat' dir='ltr'>‘publici</span> 
     </span>
     <span class='ocr_line' id='line_1_21' title="bbox 465 2541 2184 2646; baseline -0.008 -13"><span class='ocrx_word' id='word_1_233' title='bbox 465 2562 545 2633; x_wconf 90' lang='lat' dir='ltr'>iuria</span> <span class='ocrx_word' id='word_1_234' title='bbox 562 2552 638 2630; x_wconf 85' lang='lat' dir='ltr'>lecit</span> <span class='ocrx_word' id='word_1_235' title='bbox 660 2550 747 2625; x_wconf 87' lang='lat' dir='ltr'>idem</span> <span class='ocrx_word' id='word_1_236' title='bbox 766 2551 1080 2625; x_wconf 58' lang='lat' dir='ltr'>incommutatio</span> <span class='ocrx_word' id='word_1_237' title='bbox 1098 2541 1326 2638; x_wconf 74' lang='lat' dir='ltr'>Dissertatione</span> <span class='ocrx_word' id='word_1_238' title='bbox 1340 2546 1536 2646; x_wconf 84' lang='lat' dir='ltr'>Epillolica,</span> <span class='ocrx_word' id='word_1_239' title='bbox 1555 2570 1651 2621; x_wconf 91' lang='lat' dir='ltr'>torno</span> <span class='ocrx_word' id='word_1_240' title='bbox 1667 2544 1706 2619; x_wconf 89' lang='lat' dir='ltr'>ll.</span> <span class='ocrx_word' id='word_1_241' title='bbox 1729 2552 1823 2631; x_wconf 86' lang='lat' dir='ltr'>Liuii,</span> <span class='ocrx_word' id='word_1_242' title='bbox 1844 2544 1907 2622; x_wconf 90' lang='lat' dir='ltr'>ase</span> <span class='ocrx_word' id='word_1_243' title='bbox 1921 2550 2010 2639; x_wconf 81' lang='lat' dir='ltr'>editi,</span> <span class='ocrx_word' id='word_1_244' title='bbox 2031 2544 2184 2633; x_wconf 74' lang='lat' dir='ltr'>subiedle,</span> 
     </span>
     <span class='ocr_line' id='line_1_22' title="bbox 344 2644 2185 2764; baseline -0.007 -27"><span class='ocrx_word' id='word_1_245' title='bbox 344 2706 352 2713; x_wconf 95' lang='lat'>-</span> <span class='ocrx_word' id='word_1_246' title='bbox 467 2688 542 2764; x_wconf 85' lang='lat' dir='ltr'>pag.</span> <span class='ocrx_word' id='word_1_247' title='bbox 555 2664 595 2753; x_wconf 85' lang='lat'>56</span> <span class='ocrx_word' id='word_1_248' title='bbox 610 2652 653 2757; x_wconf 86' lang='lat' dir='ltr'>sq.</span> <span class='ocrx_word' id='word_1_249' title='bbox 705 2652 803 2752; x_wconf 78' lang='lat' dir='ltr'>Qod</span> <span class='ocrx_word' id='word_1_250' title='bbox 826 2649 1051 2757; x_wconf 84' lang='lat' dir='ltr'>fragmentum</span> <span class='ocrx_word' id='word_1_251' title='bbox 1075 2649 1296 2743; x_wconf 84' lang='lat' dir='ltr'>Polybiannm</span> <span class='ocrx_word' id='word_1_252' title='bbox 1317 2644 1441 2750; x_wconf 79' lang='lat' dir='ltr'>saepius</span> <span class='ocrx_word' id='word_1_253' title='bbox 1457 2651 1590 2741; x_wconf 77' lang='lat' dir='ltr'>laudans</span> <span class='ocrx_word' id='word_1_254' title='bbox 1607 2653 1893 2738; x_wconf 76' lang='lat' dir='ltr'>Drakenborchiter,</span> <span class='ocrx_word' id='word_1_255' title='bbox 1914 2652 1954 2725; x_wconf 89' lang='lat' dir='ltr'>ad</span> <span class='ocrx_word' id='word_1_256' title='bbox 1969 2656 2054 2724; x_wconf 80' lang='lat' dir='ltr'>Liuii</span> <span class='ocrx_word' id='word_1_257' title='bbox 2069 2654 2185 2725; x_wconf 88' lang='lat' dir='ltr'>locum</span> 
     </span>
     <span class='ocr_line' id='line_1_23' title="bbox 469 2751 2189 2861; baseline -0.022 -21"><span class='ocrx_word' id='word_1_258' title='bbox 469 2771 625 2849; x_wconf 89' lang='lat' dir='ltr'>citatum,</span> <span class='ocrx_word' id='word_1_259' title='bbox 647 2778 742 2861; x_wconf 86' lang='lat' dir='ltr'>atque</span> <span class='ocrx_word' id='word_1_260' title='bbox 759 2763 855 2833; x_wconf 89' lang='lat' dir='ltr'>etiam</span> <span class='ocrx_word' id='word_1_261' title='bbox 872 2753 977 2857; x_wconf 88' lang='lat' dir='ltr'>ipsum</span> <span class='ocrx_word' id='word_1_262' title='bbox 994 2755 1149 2827; x_wconf 81' lang='lat' dir='ltr'>exiribens</span> <span class='ocrx_word' id='word_1_263' title='bbox 1166 2777 1263 2827; x_wconf 91' lang='lat' dir='ltr'>torno</span> <span class='ocrx_word' id='word_1_264' title='bbox 1280 2754 1350 2827; x_wconf 82' lang='lat' dir='ltr'>vlt.</span> <span class='ocrx_word' id='word_1_265' title='bbox 1374 2752 1595 2851; x_wconf 63' lang='lat' dir='ltr'>Historiafum</span> <span class='ocrx_word' id='word_1_266' title='bbox 1609 2759 1691 2827; x_wconf 73' lang='lat' dir='ltr'>Liuii</span> <span class='ocrx_word' id='word_1_267' title='bbox 1706 2782 1782 2856; x_wconf 68' lang='lat' dir='ltr'>pag,</span> <span class='ocrx_word' id='word_1_268' title='bbox 1797 2770 1854 2842; x_wconf 75' lang='lat'>,43</span> <span class='ocrx_word' id='word_1_269' title='bbox 1867 2751 1912 2857; x_wconf 64' lang='lat' dir='ltr'>sq,</span> <span class='ocrx_word' id='word_1_270' title='bbox 1934 2754 2092 2831; x_wconf 57' lang='lat' dir='ltr'>tegmen,</span> <span class='ocrx_word' id='word_1_271' title='bbox 2109 2758 2189 2827; x_wconf 68' lang='lat' dir='ltr'>obp,</span> 
     </span>
     <span class='ocr_line' id='line_1_24' title="bbox 372 2853 2189 2957; baseline -0.012 -10"><span class='ocrx_word' id='word_1_272' title='bbox 372 2872 375 2875; x_wconf 67' lang='grc'><strong>’</strong></span> <span class='ocrx_word' id='word_1_273' title='bbox 469 2889 521 2944; x_wconf 89' lang='lat' dir='ltr'>tur</span> <span class='ocrx_word' id='word_1_274' title='bbox 537 2867 581 2939; x_wconf 89' lang='lat' dir='ltr'>ell</span> <span class='ocrx_word' id='word_1_275' title='bbox 598 2888 754 2957; x_wconf 86' lang='lat' dir='ltr'>monere,</span> <span class='ocrx_word' id='word_1_276' title='bbox 772 2863 1049 2935; x_wconf 86' lang='lat' dir='ltr'>commentarium</span> <span class='ocrx_word' id='word_1_277' title='bbox 1063 2858 1156 2930; x_wconf 88' lang='lat' dir='ltr'>illurn</span> <span class='ocrx_word' id='word_1_278' title='bbox 1173 2858 1373 2951; x_wconf 73' lang='lat' dir='ltr'>Tetricum,</span> <span class='ocrx_word' id='word_1_279' title='bbox 1397 2884 1415 2931; x_wconf 92' lang='lat' dir='ltr'>e</span> <span class='ocrx_word' id='word_1_280' title='bbox 1440 2884 1507 2957; x_wconf 88' lang='lat' dir='ltr'>qno</span> <span class='ocrx_word' id='word_1_281' title='bbox 1526 2853 1710 2957; x_wconf 87' lang='lat' dir='ltr'>fragmenta</span> <span class='ocrx_word' id='word_1_282' title='bbox 1732 2857 1788 2929; x_wconf 83' lang='lat' dir='ltr'>illa</span> <span class='ocrx_word' id='word_1_283' title='bbox 1802 2855 1930 2931; x_wconf 83' lang='lat' dir='ltr'>fucrant</span> <span class='ocrx_word' id='word_1_284' title='bbox 1947 2855 2108 2955; x_wconf 79' lang='lat' dir='ltr'>aPolyhii</span> <span class='ocrx_word' id='word_1_285' title='bbox 2124 2858 2189 2932; x_wconf 78' lang='lat' dir='ltr'>edi.</span> 
     </span>
     <span class='ocr_line' id='line_1_25' title="bbox 345 2957 2190 3067; baseline -0.01 -22"><span class='ocrx_word' id='word_1_286' title='bbox 345 3058 348 3065; x_wconf 28' lang='lat'><strong><em>¹</em></strong></span> <span class='ocrx_word' id='word_1_287' title='bbox 471 2974 593 3062; x_wconf 84' lang='lat' dir='ltr'>toribus</span> <span class='ocrx_word' id='word_1_288' title='bbox 608 2968 796 3067; x_wconf 82' lang='lat' dir='ltr'>depromta,</span> <span class='ocrx_word' id='word_1_289' title='bbox 823 2962 1019 3062; x_wconf 88' lang='lat' dir='ltr'>iampridem</span> <span class='ocrx_word' id='word_1_290' title='bbox 1041 2966 1170 3033; x_wconf 86' lang='lat' dir='ltr'>interim</span> <span class='ocrx_word' id='word_1_291' title='bbox 1194 2964 1359 3058; x_wconf 88' lang='lat' dir='ltr'>integrum</span> <span class='ocrx_word' id='word_1_292' title='bbox 1381 2964 1413 3030; x_wconf 91' lang='lat' dir='ltr'>in</span> <span class='ocrx_word' id='word_1_293' title='bbox 1429 2959 1537 3035; x_wconf 89' lang='lat' dir='ltr'>lucem</span> <span class='ocrx_word' id='word_1_294' title='bbox 1554 2957 1648 3034; x_wconf 83' lang='lat' dir='ltr'>suilse</span> <span class='ocrx_word' id='word_1_295' title='bbox 1663 2958 1823 3035; x_wconf 87' lang='lat' dir='ltr'>emissum.</span> <span class='ocrx_word' id='word_1_296' title='bbox 1874 2960 2001 3040; x_wconf 86' lang='lat' dir='ltr'>Scilicet</span> <span class='ocrx_word' id='word_1_297' title='bbox 2018 2969 2102 3036; x_wconf 81' lang='lat' dir='ltr'>inter</span> <span class='ocrx_word' id='word_1_298' title='bbox 2124 2966 2190 3038; x_wconf 70' lang='lat' dir='ltr'>Vc.</span> 
     </span>
     <span class='ocr_line' id='line_1_26' title="bbox 472 3058 2191 3168; baseline -0.01 -16"><span class='ocrx_word' id='word_1_299' title='bbox 472 3092 578 3152; x_wconf 79' lang='lat' dir='ltr'>terem</span> <span class='ocrx_word' id='word_1_300' title='bbox 592 3070 912 3164; x_wconf 81' lang='lat' dir='ltr'>Mathematirorrem,</span> <span class='ocrx_word' id='word_1_301' title='bbox 938 3068 1112 3149; x_wconf 76' lang='lat' dir='ltr'>Athenaei,</span> <span class='ocrx_word' id='word_1_302' title='bbox 1138 3066 1287 3145; x_wconf 86' lang='lat' dir='ltr'>Bitonir,</span> <span class='ocrx_word' id='word_1_303' title='bbox 1309 3058 1521 3157; x_wconf 76' lang='lat' dir='ltr'>Apollodori,</span> <span class='ocrx_word' id='word_1_304' title='bbox 1548 3066 1713 3147; x_wconf 67' lang='lat' dir='ltr'>Heronis,</span> <span class='ocrx_word' id='word_1_305' title='bbox 1734 3066 1898 3160; x_wconf 82' lang='lat' dir='ltr'>Philonis,</span> <span class='ocrx_word' id='word_1_306' title='bbox 1924 3080 1953 3139; x_wconf 85' lang='lat' dir='ltr'>et</span> <span class='ocrx_word' id='word_1_307' title='bbox 1968 3066 2106 3168; x_wconf 79' lang='lat' dir='ltr'>nliprrene</span> <span class='ocrx_word' id='word_1_308' title='bbox 2121 3092 2191 3165; x_wconf 78' lang='lat' dir='ltr'>ope·</span> 
     </span>
     <span class='ocr_line' id='line_1_27' title="bbox 472 3164 2191 3275; baseline -0.005 -24"><span class='ocrx_word' id='word_1_309' title='bbox 472 3206 535 3268; x_wconf 75' lang='lat' dir='ltr'>eo,</span> <span class='ocrx_word' id='word_1_310' title='bbox 560 3202 645 3275; x_wconf 90' lang='lat' dir='ltr'>quae</span> <span class='ocrx_word' id='word_1_311' title='bbox 663 3176 798 3271; x_wconf 72' lang='lat' dir='ltr'>Parisiis</span> <span class='ocrx_word' id='word_1_312' title='bbox 813 3196 852 3268; x_wconf 74' lang='lat' dir='ltr'>rx</span> <span class='ocrx_word' id='word_1_313' title='bbox 874 3170 1105 3267; x_wconf 75' lang='lat' dir='ltr'>Yppogrophin</span> <span class='ocrx_word' id='word_1_314' title='bbox 1126 3173 1220 3267; x_wconf 80' lang='lat' dir='ltr'>regin</span> <span class='ocrx_word' id='word_1_315' title='bbox 1241 3168 1592 3243; x_wconf 86' lang='lat' dir='ltr'>annoMDCXCIH.</span> <span class='ocrx_word' id='word_1_316' title='bbox 1605 3166 1689 3241; x_wconf 90' lang='lat' dir='ltr'>edita</span> <span class='ocrx_word' id='word_1_317' title='bbox 1706 3164 1797 3258; x_wconf 88' lang='lat' dir='ltr'>sunt,</span> <span class='ocrx_word' id='word_1_318' title='bbox 1822 3168 1896 3258; x_wconf 84' lang='lat' dir='ltr'>illa,</span> <span class='ocrx_word' id='word_1_319' title='bbox 1922 3197 2022 3271; x_wconf 89' lang='lat' dir='ltr'>quern</span> <span class='ocrx_word' id='word_1_320' title='bbox 2036 3171 2127 3261; x_wconf 83' lang='lat' dir='ltr'>dixi,</span> <span class='ocrx_word' id='word_1_321' title='bbox 2153 3172 2191 3245; x_wconf 82' lang='lat' dir='ltr'>de</span> 
     </span>
     <span class='ocr_line' id='line_1_28' title="bbox 474 3261 2195 3377; baseline -0.006 -20"><span class='ocrx_word' id='word_1_322' title='bbox 474 3280 647 3377; x_wconf 81' lang='lat' dir='ltr'>repellendo</span> <span class='ocrx_word' id='word_1_323' title='bbox 665 3278 813 3375; x_wconf 78' lang='lat' dir='ltr'>obſsdione</span> <span class='ocrx_word' id='word_1_324' title='bbox 828 3282 1084 3357; x_wconf 86' lang='lat' dir='ltr'>commentatio,</span> <span class='ocrx_word' id='word_1_325' title='bbox 1100 3271 1145 3345; x_wconf 80' lang='lat' dir='ltr'>&#39;ex</span> <span class='ocrx_word' id='word_1_326' title='bbox 1168 3274 1265 3343; x_wconf 87' lang='lat' dir='ltr'>tribus</span> <span class='ocrx_word' id='word_1_327' title='bbox 1283 3270 1449 3341; x_wconf 80' lang='lat' dir='ltr'>codicibus</span> <span class='ocrx_word' id='word_1_328' title='bbox 1464 3276 1559 3365; x_wconf 68' lang='lat' dir='ltr'>regiis</span> <span class='ocrx_word' id='word_1_329' title='bbox 1581 3266 1754 3366; x_wconf 91' lang='lat' dir='ltr'>descripta,</span> <span class='ocrx_word' id='word_1_330' title='bbox 1774 3270 1962 3346; x_wconf 84' lang='lat' dir='ltr'>exhibetur:</span> <span class='ocrx_word' id='word_1_331' title='bbox 1993 3261 2195 3373; x_wconf 83' lang='lat' dir='ltr'>monuitque</span> 
     </span>
     <span class='ocr_line' id='line_1_29' title="bbox 202 3371 2194 3475; baseline -0.013 -11"><span class='ocrx_word' id='word_1_332' title='bbox 202 3464 210 3475; x_wconf 79' lang='grc'><em>,</em></span> <span class='ocrx_word' id='word_1_333' title='bbox 358 3426 360 3430; x_wconf 94' lang='grc'><strong><em>·</em></strong></span> <span class='ocrx_word' id='word_1_334' title='bbox 477 3384 595 3466; x_wconf 90' lang='lat' dir='ltr'>editor,</span> <span class='ocrx_word' id='word_1_335' title='bbox 609 3378 760 3455; x_wconf 87' lang='lat' dir='ltr'>eamdem</span> <span class='ocrx_word' id='word_1_336' title='bbox 775 3382 808 3451; x_wconf 93' lang='lat' dir='ltr'>in</span> <span class='ocrx_word' id='word_1_337' title='bbox 822 3374 935 3449; x_wconf 90' lang='lat' dir='ltr'>codice</span> <span class='ocrx_word' id='word_1_338' title='bbox 952 3394 1038 3448; x_wconf 82' lang='lat' dir='ltr'>mato</span> <span class='ocrx_word' id='word_1_339' title='bbox 1054 3374 1271 3445; x_wconf 83' lang='lat' dir='ltr'>bibliothecae</span> <span class='ocrx_word' id='word_1_340' title='bbox 1286 3371 1722 3449; x_wconf 82' lang='lat' dir='ltr'>caesarea&#39;eVindobonenfis</span> <span class='ocrx_word' id='word_1_341' title='bbox 1737 3374 1831 3466; x_wconf 88' lang='lat' dir='ltr'>(tesle</span> <span class='ocrx_word' id='word_1_342' title='bbox 1846 3376 2010 3450; x_wconf 73' lang='lat' dir='ltr'>Leieerheee&#39;o</span> <span class='ocrx_word' id='word_1_343' title='bbox 2024 3380 2194 3452; x_wconf 79' lang='lat' dir='ltr'>rom,vl1‚</span> 
     </span>
     <span class='ocr_line' id='line_1_30' title="bbox 315 3472 2194 3582; baseline -0.007 -15"><span class='ocrx_word' id='word_1_344' title='bbox 315 3540 319 3550; x_wconf 90' lang='lat'>·</span> <span class='ocrx_word' id='word_1_345' title='bbox 406 3564 411 3569; x_wconf 82' lang='grc'><strong>,</strong></span> <span class='ocrx_word' id='word_1_346' title='bbox 460 3480 518 3564; x_wconf 51' lang='lat' dir='ltr'>‘ad</span> <span class='ocrx_word' id='word_1_347' title='bbox 532 3483 605 3558; x_wconf 88' lang='lat' dir='ltr'>cod.</span> <span class='ocrx_word' id='word_1_348' title='bbox 620 3482 707 3557; x_wconf 87' lang='lat' dir='ltr'>CXl.</span> <span class='ocrx_word' id='word_1_349' title='bbox 719 3501 751 3555; x_wconf 92' lang='lat' dir='ltr'>et</span> <span class='ocrx_word' id='word_1_350' title='bbox 764 3478 804 3552; x_wconf 92' lang='lat' dir='ltr'>ad</span> <span class='ocrx_word' id='word_1_351' title='bbox 819 3476 891 3553; x_wconf 88' lang='lat' dir='ltr'>cotl.</span> <span class='ocrx_word' id='word_1_352' title='bbox 907 3481 1023 3553; x_wconf 82' lang='lat' dir='ltr'>cxlv.</span> <span class='ocrx_word' id='word_1_353' title='bbox 1039 3504 1085 3551; x_wconf 90' lang='lat' dir='ltr'>nr.</span> <span class='ocrx_word' id='word_1_354' title='bbox 1105 3480 1151 3567; x_wconf 85' lang='lat'>8.)</span> <span class='ocrx_word' id='word_1_355' title='bbox 1173 3474 1212 3548; x_wconf 91' lang='lat' dir='ltr'>ad</span> <span class='ocrx_word' id='word_1_356' title='bbox 1233 3477 1404 3549; x_wconf 77' lang='lat' dir='ltr'>artiorem</span> <span class='ocrx_word' id='word_1_357' title='bbox 1427 3472 1540 3549; x_wconf 83' lang='lat' dir='ltr'>referri</span> <span class='ocrx_word' id='word_1_358' title='bbox 1556 3478 1749 3559; x_wconf 78' lang='lat' dir='ltr'>Heronem,</span> <span class='ocrx_word' id='word_1_359' title='bbox 1778 3487 1809 3550; x_wconf 87' lang='lat' dir='ltr'>oi</span> <span class='ocrx_word' id='word_1_360' title='bbox 1826 3480 1972 3553; x_wconf 86' lang='lat' dir='ltr'>Heraclii</span> <span class='ocrx_word' id='word_1_361' title='bbox 1990 3479 2070 3582; x_wconf 89' lang='lat' dir='ltr'>imp.</span> <span class='ocrx_word' id='word_1_362' title='bbox 2087 3503 2194 3555; x_wconf 86' lang='lat' dir='ltr'>aetate</span> 
     </span>
     <span class='ocr_line' id='line_1_31' title="bbox 476 3508 2193 3682; baseline -0.006 -15"><span class='ocrx_word' id='word_1_363' title='bbox 476 3584 588 3668; x_wconf 85' lang='lat' dir='ltr'>vixisse</span> <span class='ocrx_word' id='word_1_364' title='bbox 603 3583 754 3660; x_wconf 86' lang='lat' dir='ltr'>ereditur.</span> <span class='ocrx_word' id='word_1_365' title='bbox 802 3584 832 3653; x_wconf 87' lang='lat' dir='ltr'>la</span> <span class='ocrx_word' id='word_1_366' title='bbox 857 3587 957 3681; x_wconf 85' lang='lat' dir='ltr'>igitur</span> <span class='ocrx_word' id='word_1_367' title='bbox 972 3578 1107 3654; x_wconf 80' lang='lat' dir='ltr'>libellus</span> <span class='ocrx_word' id='word_1_368' title='bbox 1129 3606 1231 3678; x_wconf 88' lang='lat' dir='ltr'>quum</span> <span class='ocrx_word' id='word_1_369' title='bbox 1247 3602 1280 3652; x_wconf 90' lang='lat' dir='ltr'>et</span> <span class='ocrx_word' id='word_1_370' title='bbox 1292 3576 1389 3666; x_wconf 84' lang='lat' dir='ltr'>aliar,</span> <span class='ocrx_word' id='word_1_371' title='bbox 1414 3604 1445 3653; x_wconf 88' lang='lat' dir='ltr'>et</span> <span class='ocrx_word' id='word_1_372' title='bbox 1461 3583 1607 3678; x_wconf 85' lang='lat' dir='ltr'>inprirnir</span> <span class='ocrx_word' id='word_1_373' title='bbox 1621 3582 1666 3653; x_wconf 92' lang='lat' dir='ltr'>ob</span> <span class='ocrx_word' id='word_1_374' title='bbox 1680 3508 1959 3682; x_wconf 78' lang='lat' dir='ltr'>ipsalragmenta,</span> <span class='ocrx_word' id='word_1_375' title='bbox 1980 3610 2021 3656; x_wconf 83' lang='lat' dir='ltr'>ex</span> <span class='ocrx_word' id='word_1_376' title='bbox 2035 3585 2193 3680; x_wconf 77' lang='lat' dir='ltr'>Polybio,</span> 
     </span>
     <span class='ocr_line' id='line_1_32' title="bbox 301 3679 2197 3786; baseline -0.006 -16"><span class='ocrx_word' id='word_1_377' title='bbox 301 3734 307 3743; x_wconf 87' lang='lat'>·</span> <span class='ocrx_word' id='word_1_378' title='bbox 360 3764 365 3769; x_wconf 89' lang='lat'><em>.</em></span> <span class='ocrx_word' id='word_1_379' title='bbox 431 3764 435 3773; x_wconf 90' lang='lat'><em>.</em></span> <span class='ocrx_word' id='word_1_380' title='bbox 478 3722 519 3771; x_wconf 85' lang='lat' dir='ltr'>ex</span> <span class='ocrx_word' id='word_1_381' title='bbox 538 3694 698 3773; x_wconf 87' lang='lat' dir='ltr'>Arriano,</span> <span class='ocrx_word' id='word_1_382' title='bbox 722 3679 976 3786; x_wconf 89' lang='lat' dir='ltr'>exlosephoad</span> <span class='ocrx_word' id='word_1_383' title='bbox 994 3683 1127 3755; x_wconf 83' lang='lat' dir='ltr'>terbum</span> <span class='ocrx_word' id='word_1_384' title='bbox 1146 3679 1553 3783; x_wconf 29' lang='lat' dir='ltr'>descripte-fitnotabilir‘,</span> <span class='ocrx_word' id='word_1_385' title='bbox 1578 3682 1790 3784; x_wconf 77' lang='lat' dir='ltr'>cndepasslm</span> <span class='ocrx_word' id='word_1_386' title='bbox 1806 3685 2197 3763; x_wconf 82' lang='lat' dir='ltr'>minuaenrendatiescri·</span> 
     </span>
     <span class='ocr_line' id='line_1_33' title="bbox 476 3783 2196 3901; baseline -0.007 -25"><span class='ocrx_word' id='word_1_387' title='bbox 476 3822 611 3901; x_wconf 88' lang='lat' dir='ltr'>ptorunr</span> <span class='ocrx_word' id='word_1_388' title='bbox 636 3792 770 3868; x_wconf 90' lang='lat' dir='ltr'>illorum</span> <span class='ocrx_word' id='word_1_389' title='bbox 778 3788 872 3869; x_wconf 81' lang='lat' dir='ltr'>locie</span> <span class='ocrx_word' id='word_1_390' title='bbox 887 3784 1006 3861; x_wconf 85' lang='lat' dir='ltr'>adserri</span> <span class='ocrx_word' id='word_1_391' title='bbox 1025 3786 1189 3860; x_wconf 87' lang='lat' dir='ltr'>medelam</span> <span class='ocrx_word' id='word_1_392' title='bbox 1210 3784 1299 3885; x_wconf 85' lang='lat' dir='ltr'>polle</span> <span class='ocrx_word' id='word_1_393' title='bbox 1312 3786 1474 3871; x_wconf 69' lang='lat' dir='ltr'>intellexi,</span> <span class='ocrx_word' id='word_1_394' title='bbox 1504 3783 1598 3858; x_wconf 88' lang='lat' dir='ltr'>subiit</span> <span class='ocrx_word' id='word_1_395' title='bbox 1610 3791 1760 3874; x_wconf 84' lang='lat' dir='ltr'>animum</span> <span class='ocrx_word' id='word_1_396' title='bbox 1777 3787 1906 3875; x_wconf 90' lang='lat' dir='ltr'>videre,</span> <span class='ocrx_word' id='word_1_397' title='bbox 1931 3819 1974 3863; x_wconf 89' lang='lat' dir='ltr'>an</span> <span class='ocrx_word' id='word_1_398' title='bbox 1989 3798 2022 3863; x_wconf 90' lang='lat' dir='ltr'>in</span> <span class='ocrx_word' id='word_1_399' title='bbox 2038 3790 2196 3865; x_wconf 89' lang='lat' dir='ltr'>codicum</span> 
     </span>
     <span class='ocr_line' id='line_1_34' title="bbox 477 3887 2198 4005; baseline -0.006 -30"><span class='ocrx_word' id='word_1_400' title='bbox 477 3924 677 4005; x_wconf 88' lang='lat' dir='ltr'>graecorum</span> <span class='ocrx_word' id='word_1_401' title='bbox 696 3890 869 3993; x_wconf 88' lang='lat' dir='ltr'>adparatu,</span> <span class='ocrx_word' id='word_1_402' title='bbox 893 3916 962 3991; x_wconf 90' lang='lat' dir='ltr'>quo</span> <span class='ocrx_word' id='word_1_403' title='bbox 984 3890 1133 3963; x_wconf 74' lang='lat' dir='ltr'>inllrntfla</span> <span class='ocrx_word' id='word_1_404' title='bbox 1157 3888 1202 3983; x_wconf 81' lang='lat' dir='ltr'>ell</span> <span class='ocrx_word' id='word_1_405' title='bbox 1227 3889 1420 3963; x_wconf 88' lang='lat' dir='ltr'>bibliotheca</span> <span class='ocrx_word' id='word_1_406' title='bbox 1438 3888 1567 3962; x_wconf 87' lang='lat' dir='ltr'>nollrae</span> <span class='ocrx_word' id='word_1_407' title='bbox 1588 3887 1819 3974; x_wconf 80' lang='lat' dir='ltr'>nniuersrtatir,</span> <span class='ocrx_word' id='word_1_408' title='bbox 1846 3916 1992 3968; x_wconf 89' lang='lat' dir='ltr'>veterum</span> <span class='ocrx_word' id='word_1_409' title='bbox 2012 3898 2198 3970; x_wconf 82' lang='lat' dir='ltr'>mathema.</span> 
     </span>
     <span class='ocr_line' id='line_1_35' title="bbox 453 3982 2198 4096; baseline -0.009 -16"><span class='ocrx_word' id='word_1_410' title='bbox 453 4008 624 4080; x_wconf 65' lang='lat' dir='ltr'>&#39;ticorum</span> <span class='ocrx_word' id='word_1_411' title='bbox 653 3991 769 4094; x_wconf 76' lang='lat' dir='ltr'>scripta</span> <span class='ocrx_word' id='word_1_412' title='bbox 798 3992 1110 4096; x_wconf 75' lang='lat' dir='ltr'>compledlentium,</span> <span class='ocrx_word' id='word_1_413' title='bbox 1141 3989 1285 4065; x_wconf 81' lang='lat' dir='ltr'>eiusdem</span> <span class='ocrx_word' id='word_1_414' title='bbox 1315 3982 1446 4066; x_wconf 83' lang='lat' dir='ltr'>sortasse</span> <span class='ocrx_word' id='word_1_415' title='bbox 1466 3992 1566 4067; x_wconf 88' lang='lat' dir='ltr'>libelli</span> <span class='ocrx_word' id='word_1_416' title='bbox 1585 3998 1790 4069; x_wconf 77' lang='lat' dir='ltr'>&#39;inueniretur</span> <span class='ocrx_word' id='word_1_417' title='bbox 1810 3995 2013 4094; x_wconf 86' lang='lat' dir='ltr'>exemplum.</span> <span class='ocrx_word' id='word_1_418' title='bbox 2071 4001 2138 4073; x_wconf 84' lang='lat' dir='ltr'>Sed</span> <span class='ocrx_word' id='word_1_419' title='bbox 2159 4028 2198 4073; x_wconf 74' lang='lat' dir='ltr'>ea</span> 
     </span>
     <span class='ocr_line' id='line_1_36' title="bbox 425 4093 2197 4212; baseline -0.007 -30"><span class='ocrx_word' id='word_1_420' title='bbox 425 4184 429 4193; x_wconf 74' lang='grc'>,</span> <span class='ocrx_word' id='word_1_421' title='bbox 480 4107 615 4212; x_wconf 79' lang='lat' dir='ltr'>quidem</span> <span class='ocrx_word' id='word_1_422' title='bbox 635 4098 690 4201; x_wconf 88' lang='lat' dir='ltr'>spe</span> <span class='ocrx_word' id='word_1_423' title='bbox 710 4096 894 4195; x_wconf 78' lang='lat' dir='ltr'>frustratur,</span> <span class='ocrx_word' id='word_1_424' title='bbox 921 4096 1155 4186; x_wconf 45' lang='lat' dir='ltr'>dumscodicee</span> <span class='ocrx_word' id='word_1_425' title='bbox 1176 4094 1306 4169; x_wconf 83' lang='lat' dir='ltr'>nostroe</span> <span class='ocrx_word' id='word_1_426' title='bbox 1325 4093 1504 4193; x_wconf 88' lang='lat' dir='ltr'>perlullro,</span> <span class='ocrx_word' id='word_1_427' title='bbox 1529 4094 1628 4169; x_wconf 88' lang='lat' dir='ltr'>incidi</span> <span class='ocrx_word' id='word_1_428' title='bbox 1643 4104 1678 4170; x_wconf 90' lang='lat' dir='ltr'>in</span> <span class='ocrx_word' id='word_1_429' title='bbox 1696 4098 1875 4195; x_wconf 82' lang='lat' dir='ltr'>volumen,</span> <span class='ocrx_word' id='word_1_430' title='bbox 1901 4126 1968 4201; x_wconf 87' lang='lat' dir='ltr'>quo</span> <span class='ocrx_word' id='word_1_431' title='bbox 1986 4101 2113 4200; x_wconf 89' lang='lat' dir='ltr'>reliqua</span> <span class='ocrx_word' id='word_1_432' title='bbox 2127 4098 2197 4177; x_wconf 85' lang='lat' dir='ltr'>sere</span> 
     </span>
     <span class='ocr_line' id='line_1_37' title="bbox 470 4195 2197 4305; baseline -0.005 -18"><span class='ocrx_word' id='word_1_433' title='bbox 470 4216 594 4287; x_wconf 85' lang='lat' dir='ltr'>omnia</span> <span class='ocrx_word' id='word_1_434' title='bbox 614 4226 763 4281; x_wconf 79' lang='lat' dir='ltr'>ueterum</span> <span class='ocrx_word' id='word_1_435' title='bbox 787 4206 1098 4277; x_wconf 86' lang='lat' dir='ltr'>mathematicorum</span> <span class='ocrx_word' id='word_1_436' title='bbox 1128 4199 1169 4271; x_wconf 93' lang='lat' dir='ltr'>ad</span> <span class='ocrx_word' id='word_1_437' title='bbox 1198 4201 1424 4275; x_wconf 87' lang='lat' dir='ltr'>mechanicam</span> <span class='ocrx_word' id='word_1_438' title='bbox 1446 4195 1632 4299; x_wconf 89' lang='lat' dir='ltr'>praesertim</span> <span class='ocrx_word' id='word_1_439' title='bbox 1655 4206 1848 4301; x_wconf 84' lang='lat' dir='ltr'>pertinentia</span> <span class='ocrx_word' id='word_1_440' title='bbox 1867 4200 2001 4303; x_wconf 81' lang='lat' dir='ltr'>scripta,</span> <span class='ocrx_word' id='word_1_441' title='bbox 2038 4230 2121 4305; x_wconf 88' lang='lat' dir='ltr'>quae</span> <span class='ocrx_word' id='word_1_442' title='bbox 2142 4210 2197 4281; x_wconf 83' lang='lat' dir='ltr'>ra·</span> 
     </span>
     <span class='ocr_line' id='line_1_38' title="bbox 479 4303 2196 4407; baseline -0.006 -16"><span class='ocrx_word' id='word_1_443' title='bbox 479 4310 618 4391; x_wconf 83' lang='lat' dir='ltr'>risrenlir</span> <span class='ocrx_word' id='word_1_444' title='bbox 638 4309 715 4399; x_wconf 90' lang='lat' dir='ltr'>illa,</span> <span class='ocrx_word' id='word_1_445' title='bbox 737 4332 837 4407; x_wconf 88' lang='lat' dir='ltr'>quam</span> <span class='ocrx_word' id='word_1_446' title='bbox 855 4303 941 4395; x_wconf 86' lang='lat' dir='ltr'>dixi,</span> <span class='ocrx_word' id='word_1_447' title='bbox 966 4304 1069 4377; x_wconf 87' lang='lat' dir='ltr'>editio</span> <span class='ocrx_word' id='word_1_448' title='bbox 1090 4304 1239 4398; x_wconf 66' lang='lat' dir='ltr'>exhibet,</span> <span class='ocrx_word' id='word_1_449' title='bbox 1264 4305 1497 4391; x_wconf 82' lang='lat' dir='ltr'>continentur,</span> <span class='ocrx_word' id='word_1_450' title='bbox 1518 4323 1550 4375; x_wconf 90' lang='lat' dir='ltr'>et</span> <span class='ocrx_word' id='word_1_451' title='bbox 1564 4324 1690 4401; x_wconf 89' lang='lat' dir='ltr'>praeter</span> <span class='ocrx_word' id='word_1_452' title='bbox 1704 4304 1758 4380; x_wconf 87' lang='lat' dir='ltr'>illa</span> <span class='ocrx_word' id='word_1_453' title='bbox 1775 4330 1857 4377; x_wconf 85' lang='lat' dir='ltr'>vnua</span> <span class='ocrx_word' id='word_1_454' title='bbox 1872 4334 1933 4383; x_wconf 89' lang='lat' dir='ltr'>nec</span> <span class='ocrx_word' id='word_1_455' title='bbox 1945 4312 2032 4406; x_wconf 79' lang='lat' dir='ltr'>typis</span> <span class='ocrx_word' id='word_1_456' title='bbox 2048 4305 2089 4381; x_wconf 89' lang='lat' dir='ltr'>ad</span> <span class='ocrx_word' id='word_1_457' title='bbox 2106 4314 2196 4384; x_wconf 90' lang='lat' dir='ltr'>hnne</span> 
     </span>
     <span class='ocr_line' id='line_1_39' title="bbox 411 4397 2196 4512; baseline -0.007 -17"><span class='ocrx_word' id='word_1_458' title='bbox 411 4411 421 4443; x_wconf 70' lang='lat'><em>³</em></span> <span class='ocrx_word' id='word_1_459' title='bbox 478 4420 568 4494; x_wconf 80' lang='lat' dir='ltr'>die-n</span> <span class='ocrx_word' id='word_1_460' title='bbox 591 4408 766 4512; x_wconf 86' lang='lat' dir='ltr'>descriptus</span> <span class='ocrx_word' id='word_1_461' title='bbox 788 4406 940 4491; x_wconf 82' lang='lat' dir='ltr'>libellus,</span> <span class='ocrx_word' id='word_1_462' title='bbox 966 4426 997 4479; x_wconf 88' lang='lat' dir='ltr'>et</span> <span class='ocrx_word' id='word_1_463' title='bbox 1020 4412 1052 4479; x_wconf 91' lang='lat' dir='ltr'>in</span> <span class='ocrx_word' id='word_1_464' title='bbox 1076 4402 1374 4506; x_wconf 83' lang='lat' dir='ltr'>manuscriptorum</span> <span class='ocrx_word' id='word_1_465' title='bbox 1390 4413 1492 4480; x_wconf 84' lang='lat' dir='ltr'>etiam</span> <span class='ocrx_word' id='word_1_466' title='bbox 1516 4397 1668 4479; x_wconf 81' lang='lat' dir='ltr'>codicum</span> <span class='ocrx_word' id='word_1_467' title='bbox 1689 4398 1840 4483; x_wconf 81' lang='lat' dir='ltr'>thesauris</span> <span class='ocrx_word' id='word_1_468' title='bbox 1859 4415 1995 4485; x_wconf 85' lang='lat' dir='ltr'>inuento</span> <span class='ocrx_word' id='word_1_469' title='bbox 2010 4409 2196 4507; x_wconf 79' lang='lat' dir='ltr'>rarissimus,</span> 
     </span>
     <span class='ocr_line' id='line_1_40' title="bbox 479 4504 2200 4613; baseline -0.003 -19"><span class='ocrx_word' id='word_1_470' title='bbox 479 4524 641 4605; x_wconf 85' lang='lat' dir='ltr'>Heronir,</span> <span class='ocrx_word' id='word_1_471' title='bbox 664 4540 733 4588; x_wconf 92' lang='lat' dir='ltr'>non</span> <span class='ocrx_word' id='word_1_472' title='bbox 754 4516 943 4587; x_wconf 76' lang='lat' dir='ltr'>recentioris</span> <span class='ocrx_word' id='word_1_473' title='bbox 963 4513 1078 4589; x_wconf 80' lang='lat' dir='ltr'>huius,</span> <span class='ocrx_word' id='word_1_474' title='bbox 1106 4538 1206 4611; x_wconf 90' lang='lat' dir='ltr'>quern</span> <span class='ocrx_word' id='word_1_475' title='bbox 1229 4507 1334 4581; x_wconf 91' lang='lat' dir='ltr'>modo</span> <span class='ocrx_word' id='word_1_476' title='bbox 1353 4512 1548 4595; x_wconf 84' lang='lat' dir='ltr'>nominaui,</span> <span class='ocrx_word' id='word_1_477' title='bbox 1572 4504 1627 4582; x_wconf 90' lang='lat' dir='ltr'>scd</span> <span class='ocrx_word' id='word_1_478' title='bbox 1640 4516 1753 4584; x_wconf 79' lang='lat' dir='ltr'>veteris</span> <span class='ocrx_word' id='word_1_479' title='bbox 1769 4512 1854 4585; x_wconf 88' lang='lat' dir='ltr'>illius</span> <span class='ocrx_word' id='word_1_480' title='bbox 1871 4511 2101 4603; x_wconf 79' lang='lat' dir='ltr'>Alexandrini,</span> <span class='ocrx_word' id='word_1_481' title='bbox 2126 4518 2200 4613; x_wconf 91' lang='lat' dir='ltr'>phi·</span> 
     </span>
     <span class='ocr_line' id='line_1_41' title="bbox 480 4605 2201 4722; baseline -0.005 -23"><span class='ocrx_word' id='word_1_482' title='bbox 480 4621 632 4722; x_wconf 87' lang='lat' dir='ltr'>losophi,</span> <span class='ocrx_word' id='word_1_483' title='bbox 656 4622 715 4719; x_wconf 90' lang='lat' dir='ltr'>qui</span> <span class='ocrx_word' id='word_1_484' title='bbox 736 4613 863 4689; x_wconf 76' lang='lat' dir='ltr'>duobus</span> <span class='ocrx_word' id='word_1_485' title='bbox 879 4622 953 4687; x_wconf 87' lang='lat' dir='ltr'>ahte</span> <span class='ocrx_word' id='word_1_486' title='bbox 970 4618 1009 4686; x_wconf 91' lang='lat' dir='ltr'>C.</span> <span class='ocrx_word' id='word_1_487' title='bbox 1025 4618 1066 4691; x_wconf 91' lang='lat' dir='ltr'>N.</span> <span class='ocrx_word' id='word_1_488' title='bbox 1080 4608 1212 4687; x_wconf 76' lang='lat' dir='ltr'>sacculis</span> <span class='ocrx_word' id='word_1_489' title='bbox 1226 4610 1359 4697; x_wconf 88' lang='lat' dir='ltr'>claruit,</span> <span class='ocrx_word' id='word_1_490' title='bbox 1384 4611 1462 4715; x_wconf 64' lang='lat' dir='ltr'>napi</span> <span class='ocrx_word' id='word_1_491' title='bbox 1482 4605 1675 4717; x_wconf 60' lang='lat' dir='ltr'>Aainrpote.</span> <span class='ocrx_word' id='word_1_492' title='bbox 1728 4613 1830 4687; x_wconf 86' lang='lat' dir='ltr'>Aede</span> <span class='ocrx_word' id='word_1_493' title='bbox 1847 4618 1910 4688; x_wconf 92' lang='lat' dir='ltr'>hoe</span> <span class='ocrx_word' id='word_1_494' title='bbox 1923 4615 2055 4717; x_wconf 86' lang='lat' dir='ltr'>quidem</span> <span class='ocrx_word' id='word_1_495' title='bbox 2070 4617 2201 4713; x_wconf 81' lang='lat' dir='ltr'>libello,</span> 
     </span>
     <span class='ocr_line' id='line_1_42' title="bbox 351 4708 2201 4819; baseline -0.005 -17"><span class='ocrx_word' id='word_1_496' title='bbox 351 4752 355 4759; x_wconf 90' lang='lat'>·</span> <span class='ocrx_word' id='word_1_497' title='bbox 440 4752 443 4757; x_wconf 67' lang='grc'><strong>’</strong></span> <span class='ocrx_word' id='word_1_498' title='bbox 480 4728 550 4805; x_wconf 85' lang='lat' dir='ltr'>alio</span> <span class='ocrx_word' id='word_1_499' title='bbox 568 4718 699 4799; x_wconf 83' lang='lat' dir='ltr'>fortasse</span> <span class='ocrx_word' id='word_1_500' title='bbox 722 4738 873 4817; x_wconf 91' lang='lat' dir='ltr'>tempore</span> <span class='ocrx_word' id='word_1_501' title='bbox 892 4717 1056 4819; x_wconf 85' lang='lat' dir='ltr'>locoque,</span> <span class='ocrx_word' id='word_1_502' title='bbox 1082 4716 1135 4787; x_wconf 82' lang='lat' dir='ltr'>rbi</span> <span class='ocrx_word' id='word_1_503' title='bbox 1158 4738 1192 4788; x_wconf 89' lang='lat' dir='ltr'>et</span> <span class='ocrx_word' id='word_1_504' title='bbox 1212 4717 1331 4788; x_wconf 90' lang='lat' dir='ltr'>maiori</span> <span class='ocrx_word' id='word_1_505' title='bbox 1357 4722 1428 4789; x_wconf 88' lang='lat' dir='ltr'>otlo</span> <span class='ocrx_word' id='word_1_506' title='bbox 1449 4708 1619 4801; x_wconf 80' lang='lat' dir='ltr'>fruemur,</span> <span class='ocrx_word' id='word_1_507' title='bbox 1645 4736 1678 4788; x_wconf 89' lang='lat' dir='ltr'>et</span> <span class='ocrx_word' id='word_1_508' title='bbox 1694 4719 1955 4819; x_wconf 81' lang='lat' dir='ltr'>minuaangnllia</span> <span class='ocrx_word' id='word_1_509' title='bbox 1969 4715 2201 4796; x_wconf 81' lang='lat' dir='ltr'>chartaelimi·</span> 
     </span>
     <span class='ocr_line' id='line_1_43' title="bbox 338 4812 2200 4927; baseline -0.008 -17"><span class='ocrx_word' id='word_1_510' title='bbox 338 4874 342 4881; x_wconf 93' lang='lat'><em>·</em></span> <span class='ocrx_word' id='word_1_511' title='bbox 478 4836 563 4910; x_wconf 81' lang='lat' dir='ltr'>tibus</span> <span class='ocrx_word' id='word_1_512' title='bbox 581 4832 703 4905; x_wconf 80' lang='lat' dir='ltr'>erimar</span> <span class='ocrx_word' id='word_1_513' title='bbox 722 4816 889 4911; x_wconf 86' lang='lat' dir='ltr'>conclusi,</span> <span class='ocrx_word' id='word_1_514' title='bbox 915 4820 1076 4895; x_wconf 87' lang='lat' dir='ltr'>nonnulla</span> <span class='ocrx_word' id='word_1_515' title='bbox 1096 4812 1248 4892; x_wconf 74' lang='lat' dir='ltr'>disserere</span> <span class='ocrx_word' id='word_1_516' title='bbox 1267 4816 1401 4894; x_wconf 82' lang='lat' dir='ltr'>licebir.·</span> <span class='ocrx_word' id='word_1_517' title='bbox 1436 4822 1537 4927; x_wconf 76' lang='lat' dir='ltr'>anc</span> <span class='ocrx_word' id='word_1_518' title='bbox 1550 4818 1601 4893; x_wconf 89' lang='lat' dir='ltr'>rel</span> <span class='ocrx_word' id='word_1_519' title='bbox 1616 4814 1705 4893; x_wconf 85' lang='lat' dir='ltr'>solos</span> <span class='ocrx_word' id='word_1_520' title='bbox 1717 4818 1830 4893; x_wconf 85' lang='lat' dir='ltr'>titulos</span> <span class='ocrx_word' id='word_1_521' title='bbox 1844 4820 2049 4923; x_wconf 85' lang='lat' dir='ltr'>fingulorum</span> <span class='ocrx_word' id='word_1_522' title='bbox 2065 4818 2200 4924; x_wconf 85' lang='lat' dir='ltr'>l&#39;cripto.</span> 
     </span>
     <span class='ocr_line' id='line_1_44' title="bbox 369 4920 2201 5047; baseline -0.005 -36"><span class='ocrx_word' id='word_1_523' title='bbox 369 4942 373 4952; x_wconf 90' lang='lat'>&#39;</span> <span class='ocrx_word' id='word_1_524' title='bbox 397 5030 408 5047; x_wconf 83' lang='lat'>.</span> <span class='ocrx_word' id='word_1_525' title='bbox 477 4962 573 5032; x_wconf 82' lang='lat' dir='ltr'>enm,</span> <span class='ocrx_word' id='word_1_526' title='bbox 598 4956 684 5037; x_wconf 86' lang='lat' dir='ltr'>quae</span> <span class='ocrx_word' id='word_1_527' title='bbox 703 4926 841 5017; x_wconf 88' lang='lat' dir='ltr'>eodem,</span> <span class='ocrx_word' id='word_1_528' title='bbox 867 4922 957 5026; x_wconf 78' lang='lat' dir='ltr'>quod</span> <span class='ocrx_word' id='word_1_529' title='bbox 980 4920 1069 5017; x_wconf 78' lang='lat' dir='ltr'>diet,</span> <span class='ocrx_word' id='word_1_530' title='bbox 1095 4922 1269 4997; x_wconf 84' lang='lat' dir='ltr'>volumine</span> <span class='ocrx_word' id='word_1_531' title='bbox 1283 4920 1496 4997; x_wconf 81' lang='lat' dir='ltr'>bibliothecae</span> <span class='ocrx_word' id='word_1_532' title='bbox 1512 4922 1662 4999; x_wconf 83' lang='lat' dir='ltr'>nollratis</span> <span class='ocrx_word' id='word_1_533' title='bbox 1675 4926 1906 5017; x_wconf 85' lang='lat' dir='ltr'>continentur,</span> <span class='ocrx_word' id='word_1_534' title='bbox 1930 4929 2072 5003; x_wconf 87' lang='lat' dir='ltr'>breuiter</span> <span class='ocrx_word' id='word_1_535' title='bbox 2087 4954 2201 5001; x_wconf 85' lang='lat' dir='ltr'>recen·</span> 
     </span>
    </p>
   </div>
   <div class='ocr_carea' id='block_1_4' title="bbox 1992 5026 2198 5145">
    <p class='ocr_par' dir='ltr' id='par_1_7' title="bbox 1992 5026 2198 5145">
     <span class='ocr_line' id='line_1_45' title="bbox 1992 5026 2198 5145; baseline 0.005 -39"><span class='ocrx_word' id='word_1_536' title='bbox 1992 5138 1995 5145; x_wconf 21' lang='lat'>¹</span> <span class='ocrx_word' id='word_1_537' title='bbox 2100 5026 2198 5107; x_wconf 79' lang='lat' dir='ltr'>fuisse</span> 
     </span>
    </p>
   </div>
   <div class='ocr_carea' id='block_1_5' title="bbox 0 0 2303 5716">
    <p class='ocr_par' dir='ltr' id='par_1_8' title="bbox 0 0 2303 5716">
     <span class='ocr_line' id='line_1_46' title="bbox 0 0 2303 5716; baseline 0 0"><span class='ocrx_word' id='word_1_538' title='bbox 0 0 2303 5716; x_wconf 95' lang='lat' dir='ltr'> </span> 
     </span>
    </p>
   </div>
  </div>
 </body>
</html>
